1024 1418
501 204 85 28 — 16 —

272 248 529 37 monde cha se voit tant que ch’est assez, mais

271 277 530 36 rechuvoir un cadeau pareil, et ne pont dire à les

271 300 530 41 gens de d’où qu’on le tient, ch’est ce qui ne s’a¬

272 330 531 33 voit jamais veu. Sen maudit josne ne dévoit pont

272 358 529 36 venir de ches pays-chi, quand mesme, parche

271 386 530 37 que ches hommes aussi il nen voloytent à Finotte

270 413 532 36 comme chi que den chèle histoire-là al éroit

271 441 530 41 sensément laiché prendre quèque cose sus le bien

271 475 190 32 de le commeune.

294 495 508 40 Dusques à monsieur le Curé qu’il estoyt tout

272 526 531 38 pareil : Jamais il n’alloyt à majon Finotte, surtout

271 554 531 34 qu’on avait dit que ch’estoyt li qu’il avait treuvé

271 584 532 35 chel éfant den sen courtil pour le porter à souhait

271 609 529 36 à se paroichienne. Mais ch’estoyent des bêtises,

271 638 531 39 ben sèr, il estoit roux-carotte et le tiot Finot

271 674 270 30 noir comme eune teupe.

296 694 506 36 Tout de mésme, en grandichant, comme tous

271 727 531 33 ches éfants de costé, il estoyt dévenu biau on ne

271 758 189 28 sçait quantment.

294 779 508 34 Malgré cha, li et se mère, ch’estoyent deux gens

271 806 530 39 qu’on ne fréquentoit pont grandment. Mais le

273 835 528 40 jeunesse attire le jeunesse, comme on dit, et,

274 863 530 37 devant qu’il s’en éroit allé pour sen sort, quand

271 891 532 34 qu’il arrivoit un jour de ducasse sus chale place

271 919 533 36 d’où qu’on dansoit, ches filles ne l’envoyotent pont

271 948 532 37 à le cour pour cha, dà ! ben non non. La lécheti

272 974 532 38 qu’al n’éroit pont dansé aveu li s’en éroit treuvé

272 1002 530 35 fin mortifiée. Finot, li, n’y faijoit pont d’attache;

272 1031 530 38 on éroit dit qu’il chentoit que ches filles al n’ai¬

274 1059 529 38 moytent à le ratirer que pour leu faire bisquer

275 1087 529 44 l’eune l’eutre. Enter nous, al nen éroitent ben
