795 1200
298 101 40 47 69

74 139 489 57 estoit presente à tous hõmes d’en¬

72 186 493 53 tendement, la ruine de ce pauure

72 228 494 57 Royaume, par la rupture d’icelle.

74 270 493 56 Du Tiers Estat, qui plus a d’interest

72 312 493 58 à ce faict, se trouuoyent sept Pro¬

71 356 489 58 uinces contre cinq. En la Noblesse,

72 400 490 58 qui plus auoit esté sollicitee de bri¬

72 446 490 54 gues, la plus grande partie se con¬

70 491 492 53 tentoit de moderation: au Clergé

67 528 496 62 mesme tout passionné qu’il peust

70 571 490 60 estre, s’en trouuoit des plus nota¬

68 612 496 62 bles de ceste opinion. Les plus sa¬

68 658 490 58 ges & anciens Conseillers de sa

68 702 490 57 Maiesté, & les plus vieux Capitai¬

66 746 489 59 nes, tenoyent pareillement pour

66 785 488 59 l’entretenement de l’Edict. Le Roy

71 830 485 59 qui par le mauuais conseil de quel¬

70 876 486 55 ques vns tendoit à sa ruine, fut con¬

65 918 490 63 traint d’y mettre la main en propre

406 973 52 55 I iij
