722 1200
403 176 60 26 — 4 —

182 218 490 30 justice dans les pages qu’on va lire. Je ne trouve plus

183 241 489 35 debout devant moi que des préoccupations d’amour-

183 268 489 32 propre et d’intérêt particulier qu’on ménagera sans

182 296 490 27 doute, mais auxquelles je ne comprendrais pas qu’on

182 320 490 27 continuât de sacrifier l’intérêt de 25.000 sourds-

182 344 489 36 muets et l’honneur de la France en face des pays

183 377 408 25 étrangers, dans les congrès internationaux.

202 399 470 29 Le ministre de l’instruction publique trouve ra¬

183 426 489 34 tionnel et désirable le retour à son département d’un

184 452 488 32 service qui n’aurait jamais dû en être séparé, mais il

182 481 490 27 hésite à le réclamer, dans la crainte de désobliger un

182 506 490 29 collègue. Celui-ci, de son côté, serait bien embarrassé

183 528 488 36 pour légitimer l’attribution, au ministère de l’intérieur,

182 557 490 30 d’établissements qui sont, avant tout, des maisons

183 585 487 28 d’éducation. C’est donc à vous, Messieurs les Députés,

182 608 490 36 qu’il appartient de décider entre les deux départe¬

183 636 489 32 ments, et, cette décision, nous la sollicitons de votre

183 666 487 29 sagesse, nous l’attendons avec confiance de votre zèle

184 689 185 37 pour le bien public.

361 754 233 34 ERNEST LA ROCHELLE

282 784 383 33 Secrétaire du Congrès universel de Paris, pour l'amélioration

364 806 234 23 du sort des Sourds-Muets, en 1878,

304 820 349 29 et du Comité d’organisation des Congrès internationaux

351 841 259 26 de Milan et de Bruxelles, en 1880 et 1883.
