755 1200
293 145 71 20 — 59 —

83 165 489 27 1302 Piastre et demi-piastre de 1869 aux attributs de la Justice.

146 184 78 24 Arg. 2 p.

84 204 487 28 1303 Piastre et demi-piastre au bonnet phrygien dans une gloire.

148 222 333 24 Monnaies divisionnaires diverses. Arg. 6 p.

83 241 487 30 1304 Monnaies de bronze des États de Jalisco, Mexico, Potosi,

146 262 425 33 Sinaloa, Guanaxuata, Chihuahua, Sonora, Durango.

148 284 42 22 12 p.

83 292 487 39 1305 Amérique Centrale. Guatemala. Demi-escudo d’or, 1848.

144 324 180 22 Lion en contremarque.

83 335 489 34 1306 Piastre de 8 réaux au type des cinq montagnes et du soleil

144 358 144 26 levant, 1840. Arg.

83 380 369 22 1307 Peso de 1866 au buste de R. Carrera. Arg.

83 398 433 30 1308 Peso de 1873 au type de la République assise. Arg.

82 421 279 26 1309 Honduras. Peso de 1882. Arg.

82 441 488 29 1310 Monnaies diverses des républiques de l’Amérique Centrale.

145 462 178 26 22 p. arg. et 3 p. cuiv.

82 477 487 33 1311 Haïti. Pièce de 30 sols de la présidence de Henri-Chris¬

143 499 143 27 tophe, 1808. Arg.

82 521 376 29 1312 Ecu de Henri-Christophe, roi; an 17. Arg.

82 542 322 25 1313 Boyer, Petion, monnaies d’arg. 3 p.

82 562 453 28 1314 Monnaies de bronze de Faustin I, Geffrard, etc. 7 p.

82 582 486 34 1315 Gourde, pièces de 20 et de 10 cent. de 1881 et 1882. Arg.

161 604 13 26 p.

82 619 486 31 1316 Curaçao. Reaal et stuiver, 1821 et 1822. Arg. 2 p. —

142 642 426 27 Antigoa. Farthing de 1836. Br. — Les Barbades. Cuiv. 2 p.

81 661 488 31 1317 Colombie. Piastre de 8 réaux à la tête de la Liberté avec

142 683 227 23 coiffure indienne, 1820. Arg.

81 698 433 32 1318 Piastre de 1864 et divisions. Arg. 4 p. et cuiv. 1 p.

80 720 360 28 1319 Nouvelle Grenade. Piastre de 1844. Arg.

80 742 212 26 1320 Piastre de 1849. Arg.

80 762 358 30 1321 Monnaies divisionnaires. Arg. et br. 5 p.

80 782 486 38 1322 Vénézuéla. Piastre à la tête de Bolivar, par Barre, 1879.

142 804 39 27 Arg.

80 819 486 41 1323 Monnaies divisionnaires. Arg. 2 p. Quartillo de Caracas,

142 843 132 25 1818. Cuiv. 2 p.

80 858 441 38 1324 Equateur. Piastre au buste de la Liberté, 1858. Arg.

80 884 354 29 1325 Monnaies divisionnaires. Arg. et br. 7 p.

80 906 374 26 1326 Sucre d’arg. frappé en 1884 à Birmingham.

80 926 408 28 1327 Bolivie. Piastre au buste de Bolivar, 1846. Arg.

80 947 394 39 1328 Demi-piastre au buste de Bolivar, 1830. Arg.
