729 1200
204 130 41 34 134

368 138 114 25 MÉMOIRES

200 166 442 34 s'annonçoient pour braver son pouvoir avec plus

201 193 440 36 d’audace que ceux qu’il avoit fait déporter le 18

200 222 442 35 fructidor, quoique dans un sens tout opposé. Au

199 252 443 34 moyen de ces mesures qu’il prit à l’avance, les deux

200 280 442 36 conseils parurent se renouveler de membres plus

200 309 442 32 concordans, et tous les pouvoirs semblèrent se

198 338 443 35 réunir pour appuyer le directoire. Il ne négligea

200 366 442 33 pas de placer, dans tous les emplois administratifs

200 396 441 33 à sa disposition, tous les députés sortans du dernier

199 423 441 36 tiers de la convention, qui l’avoient si bien servi

199 455 443 31 dans des circonstances difficiles, ce qui dut atta¬

198 482 444 36 cher d’autant plus à son autorité l’intérêt de ceux

198 511 442 41 dont les pouvoirs avoient été continués dans ces

200 540 176 39 nouvelles élections.

221 570 421 37 Pendant le cours de cet hiver, Bonaparte avoit

198 599 443 33 fait arriver sur nos côtes une partie des troupes

198 627 443 34 de son armée d’Italie; il chercha à amener ces dé¬

198 656 442 34 monstrations à une attaque réelle et effective des

198 684 443 35 côtes de l'Angleterre ou de l’lrlande. Mais ayant

199 714 440 36 fait la tournée des côtes et de nos ports de l'Océan,

198 742 443 34 il vit à quel point de dépérissement la marine mi¬

198 772 442 35 litaire y étoit tombée, et parut renoncer à toute ex¬

198 798 441 35 pédition importante qui exigeât son concours: il

199 828 442 31 se retourna du côté de la Méditerranée. Il espéra

198 856 441 37 qu'à force d’efforts et de courage, il pourroit,

197 886 443 34 après s'être emparé de l’Egypte, conduire son ar¬

198 915 442 35 mée, soit par la Mer-Rouge, soit par le chemin

198 942 440 50 que les courriers anglois sont dans l'usage de pra¬
