777 1200
324 133 123 23 VOCABULAIRE

610 131 30 33 179

128 160 510 32 qu’on peut consoler est —; celui qui console les autres

127 184 511 30 est un —; il donne des — S’installer dans une maison,

128 207 510 31 c’est emménager, c’est faire un — ; sortir d’une maison,

127 229 511 34 c'est —, c’est faire un — ; celui qui fait les déménage¬

128 255 156 33 ments est un —

361 280 45 36 277.

146 314 492 33 Creuser une mine, c'est — ; celui qui travaille dans

128 342 512 30 une mine est un — Pour nous nourrir nous prenons de

128 367 511 31 la —; ce qui nous nourrit est — ; une personne qui

127 388 510 31 nourrit les animaux pour les engraisser est un — ; le

127 411 511 29 petit enfant qu’on nourrit avec du lait est un — , la

126 433 511 27 femme qui le nourrit est sa —. Donner des outils à

127 458 511 28 quelqu'un, c’est l'—; l’ensemble des outils d’un ouvrier

130 482 505 26 s'appelle son —; celui qui fabrique des outils est un —.

127 502 509 30 Mettre dans une prison, c’est —; l’action d’emprisonner,

126 528 511 29 c’est un — ; celui qui est en prison est un —; tirer de

126 550 512 30 Prison, c'est —.  Avoir du respect, c'est — ; ce qui

126 572 511 32 mérite le respect est —; celui qui a du respect est —; et

126 595 511 31 il agit —. Semer, c’est répandre la — ; celui qui sème

127 617 507 42 est un — ; l’instrument avec lequel on sème est un —.
