842 1200
276 129 32 27 370

428 127 178 31 CHAP. III. — OPTIQUE.

276 166 484 26 lumineux tombe sur la surface de séparation de deux milieux,

276 184 484 26 outre le faisceau réfléchi et le faisceau réfracté, il y a de la lu¬

278 208 481 28 mière dite diffusée qui est envoyée dans toutes les directions.

276 232 485 26 Cette lumière diffusée n’a pas la même intensité dans toutes

278 251 482 27 les directions, comme nous le dirons plus loin ; mais, comme

278 272 482 30 nous ne nous occupons actuellement que des lois qui régissent

277 296 483 28 la direction des rayons, nous n’avons pas à nous arrêter à ces

278 316 85 24 variations.

295 336 465 29 Nous nous bornerons à faire remarquer l’importance de ce

276 358 485 31 phénomène; c’est, en effet, la lumière diffusée qui nous fait

276 382 483 29 connaître l’existence des corps. Lorsqu’un corps dont les sur¬

276 403 486 27 faces ne diffusent pas est interposé entre une source de lumière

276 427 484 26 et notre œil, nous ne le distinguons pas : c’est le cas d’une

278 448 481 28 glace à faces bien polies et bien propres mise à une fenêtre;

278 468 482 26 mais il suffit qu’il y ait quelques irrégularités, quelques pous¬

277 490 482 28 sières, un peu de vapeur condensée, pour qu’il y ait diffu¬

278 514 452 28 sion et que nous soyons assurés de l’existence de la glace.

294 534 466 29 S’il n’y avait pas diffusion, les corps non transparents se di¬

278 556 482 25 viseraient en deux groupes : les corps qui réfléchissent la lu¬

277 578 483 26 mière et ceux qui ne la réfléchissent pas. Les premiers donne¬

276 598 484 30 raient des faisceaux réfléchis qui parviendraient à l’œil et lui

276 620 483 24 fourniraient la notion de l’image du corps sans aucune indica¬

277 640 482 30 tion sur le changement de direction qu’a subi le faisceau,

277 662 481 30 ni sur la surface où ce changement s’est effectué: c’est ce

277 687 481 27 que l’on observe quelquefois dans le cas de miroirs plans ou

278 708 482 26 courbes parfaitement polis. Quant aux corps non diffusifs qui

277 728 481 29 ne produiraient pas la réflexion, ils ne renverraient à l’œil au¬

277 752 383 28 cune lumière et, par suite, ne pourraient être vus.

294 774 465 27 Le rôle de la diffusion explique l’avantage qu’il y a à rece¬

278 796 481 25 voir sur un écran les images réelles que l’on veut montrer à

277 816 483 26 plusieurs personnes. Pour voir une image réelle, il faut que

278 837 481 29 l’œil de l’observateur soit situé dans le prolongement du fais¬

276 858 483 26 ceau conique qui fournit l’image, et le plus souvent ce fais¬

276 879 483 27 ceau a peu d’amplitude. Si l’on reçoit au contraire l’image sur

278 902 478 29 un écran, celui-ci diffuse la lumière dans toutes les directions,

276 924 482 32 et quelle que soit la position de l’observateur il peut voir

276 944 67 30 l’image.

294 962 464 42 ll importe de signaler que l'air et l'eau contiennent en géné¬
