2822 4197
151 55 345 94 NRFH, II

785 83 1146 59 DON QUIJOTE, CABALLERO Y CRISTIANO

2441 60 119 93 337

149 324 2414 86 don Quijote, lejos de ser hombre bueno, como hasta hoy han creído sus lectores,

286 235 2281 82 Por supuesto, no es ésta la opinión de Hatzfeld. Para él, porque no es asceta

149 410 2414 77 es una suma de flaquezas y de vicios: don Quijote tiene en acción continua los peca¬

153 494 2410 84 dos capitales de la ira, de la gula, de la lascivia; es frívolamente curioso, vanidoso,

151 575 2416 80 egoísta, cobardísimo. Tal es el retrato que de don Quijote hace Hatzfeld. Pero yo

153 662 2414 79 sigo prefiriendo, y creo que conmigo la unanimidad de los lectores, otro que hace

156 748 1285 79 en pocas líneas don Ramón Menéndez Pidal:

494 846 2076 95 Coincidían éstos [los libros de caballerías] con la epopeya, según lo

356 923 2214 84 hemos apuntado, en el tipo de perfección caballeresca, y don Quijote va

356 995 2216 75 cumpliendo en sí tanto el ideal de ésta como el de aquéllos cuando va afir¬

361 1070 2209 74 mándose en su amor por la gloria, en su esfuerzo inquebrantable ante el pe¬

361 1140 2211 79 ligro, en su lealtad ajena a todo desagradecimiento, en no decir mentira así

359 1214 2213 77 lo asaetaran, en conocer y juzgar el derecho acertadamente, en ayudar a todo

361 1282 2209 82 necesitado, en defender al ausente, en ser liberal y dadivoso, en ser elocuente

363 1368 2209 65 y hasta en entender de agüeros y desear quebrantar los que se muestran ad¬

361 1426 2211 80 versos, según hacían los viejos héroes españoles. Los poemas caballerescos

359 1499 2208 88 añadían al ideal de la epopeya una perfección más: el ser enamorado; y

359 1569 2213 84 ante don Quijote surge Dulcinea, porque “el caballero andante sin amores

356 1641 2216 82 era árbol sin hojas y sin fruto, cuerpo sin alma”. Así, de las embrolladas

356 1711 2216 77 aventuras de los libros de caballerías sacaba el desbarajustado pensamiento

359 1781 2211 86 de don Quijote un ideal heroico puro, que entroncaba con el de la anti¬

359 1863 415 81 gua epopeya^4.

291 1951 2281 86 Este retrato concuerda en lo esencial con el de Hegel, el de John Gibson Lock¬

158 2033 2414 91 hart, el de Tieck, el de Friedrich W. Schelling, el de Paul de Saint Victor, el de

158 2119 2409 98 Heine, el de Dostoyevski, el de Croce, el de Wordsworth, el de Menéndez y Pelayo^5,

158 2205 2412 89 el de Unamuno, el de Thomas Mann. Todos ellos ven en don Quijote un alma

158 2294 2414 84 fundamentalmente noble. Y preferimos todos estos retratos no porque sean más

158 2380 2416 84 agradables de mirar, sino porque están basados en verdad. Aunque de pintores de

160 2462 2412 84 temperamento diverso, todos son fieles al modelo; en el del profesor Hatzfeld no reco¬

160 2546 2414 86 nocemos modelo. Traigamos de árbitro al testigo de mayor excepción, al constante

160 2632 2417 96 compañero de don Quijote. Cuando el escudero del Caballero del Bosque retrata

160 2718 2410 93 a su amo como “tonto pero valiente, y más bellaco que tonto y que valiente” (Il, 13),

508 2832 2066 91 —Eso no es el mío —respondió Sancho—: digo que no tiene nada

366 2905 2206 88 de bellaco; antes tiene un alma como un cántaro; no sabe hacer mal a nadie,

366 2977 2208 79 sino bien a todos, ni tiene malicia alguna: un niño le hará entender que

363 3047 2211 84 es de noche en la mitad del día, y por esta sencillez le quiero como a las

368 3119 2204 87 telas de mi corazón, y no me amaño a dejarle por más disparates que haga.

163 3231 2416 84 CONCUPISCENCIA.—Con repulsión hemos visto a la crítica positivista interpretar

160 3315 2412 84 como histeria las muestras de favor divino de una Santa Teresa, y con mayor repug¬

275 3420 2302 89 4 Un aspecto de la elaboración del Quijote, en De Cervantes y Lope de Vega, Buenos Aires,

167 3495 341 86 1940, pág. 34.

275 3572 2302 67 5 Menéndez y Pelayo, para encomiar la grandeza moral del ideal cristiano de caballería, tal como

163 3651 2414 61 lo concibió y expuso el gran asceta y mártir Raimundo Lulio en el Libre del orde de cavaylería, lo

163 3714 2414 79 parangona con don Quijote: “El caballero ermitaño, que no es otro que Raimundo Lulio mismo,

163 3784 2414 72 el cual por la descripción que hace de su persona física parece un precursor del ingenioso hidalgo, lo es

163 3868 2407 63 también por su doctrina noble, generosa, cándidamente optimista y de una pureza moral intachable”.

163 3924 1021 84 Orígenes de la novela, I, 1943, pág. 127.
