1024 1415
230 105 50 34 190

455 106 153 30 DESCRIPCION

169 148 723 36 santo, sino que hasta el gobierno temporal tendrá otro órden, corrigiendo

174 175 716 36 y desterrando los vicios, dàndoles á reconocer vuestra suprema soberania.

172 201 719 35 En la jurisdiccion real de los jueces, propondré este pensamiento con la

172 232 196 34 calidad que pueda.

239 275 656 38 73. Ha de nombrarse un subdelegado con la jurisdiccion en las

173 306 723 33 cuatro causas, segun previene el artículo 9 de la instruccion de intenden¬

173 330 721 36 tes, y crear una junta compuesta de este juez, el cura párroco y dos de

173 356 722 32 aquellos indios que descubran mejor viveza y capacidad; de los cuales el

173 381 722 31 uno será alcalde y el otro regidor; y un mayordono español, hombre ac¬

174 406 721 34 tivo é inteligente en el cultivo de la agricultura y crias de ganados. Se

174 435 722 30 destinarán tres dias en la semana precisamente á que todos los indios de

175 458 721 33 cada pueblo, que no tengan otro egercicio ni aplicacion que el trabajo per¬

174 483 724 35 sonal, hayan de concurrir á aquellas labores necesarias para los plantios

176 509 722 30 de cañaverales, algodon, arroz, maiz, tabaco y demas frutos que á espen¬

176 533 721 31 sas de la comunidad se siembren en los terrenos que se les señale, y pa¬

176 558 722 37 ra ello se nombrarán aquellos sobrestantes ó mayordomos que se regulen

177 585 721 34 precisos á compelerles á este trabajo, y que no salten en el dia, despues

177 609 719 34 de la distribucion religiosa y cristiana que se observa todas las mañanas.

178 635 722 32 Se tendrán los libros necesarios para llevar el formal asiento de los fru¬

178 666 723 28 tos que por este medio se adquieran y sus utilidades: en el uno se pon¬

179 686 719 34 drá el cargo de entrada, y en el otro los costos legitimos y necesarios,

179 712 722 33 así para su recoleccion, como para su beneficio, cuyo asiento ha de ser

180 737 721 35 del cargo del mayordomo y con intervencion precisamente del subdelega¬

181 762 718 36 do y cura. Los azúcares se despacháran para su venta á aquellos pue¬

181 788 717 35 blos donde tengan mejor salida, procurando siempre la mayor economía

182 813 685 36 de sus fletes, en caso de no tener mulas las misiones de que valerse.

250 860 654 38 74. Los ganados se contarán con la misma intervencion, poniendo

183 890 719 33 capataces, ó mayordomos hábiles que los manejen, y sugetándolos en las

183 915 721 33 estancias destinadas á este fin, en términos que no se esperimente lo que

184 940 721 30 en el Piray, que hay mucho alzado, y hacen grandes estragos los tigres

184 964 722 37 por salta de inteligencia y gobierno. Se llevará el mismo asiento y for¬

184 990 722 38 malidad por el principal mayordomo de la junta, y no se podrá matar

185 1016 720 35 res alguna, á menos que no sea con consentimiento de todos sus vocales,

187 1039 719 37 y para el socorro de los enfernos y demas necesidades precisas del vecin¬

186 1067 720 31 dario. Lo mismo acaecerá si se trata de la venta de algunas cabezas, cuyo pro¬

187 1091 719 32 ducto ha de entrar por fondo de la mision cargándolo en el asiento del

189 1117 462 35 dinero, y datando esta saca en el del ganado.

255 1163 651 34 75. Se facilitaràn maestros hàbiles de las provincias de Mo¬

189 1191 719 36 xos y Chiquitos para poner escuelas de tegidos, carpinteria, herreria

191 1218 717 39 y demas artes que prometian las circunstancias de aquellos pueblos.
