4319 5555
1049 293 1936 86 V. Resoluciones aprobadas sobre la base de los informes de la Segunda Comisión

3596 287 102 67 165

327 422 1642 87 máticos, que ha terminado su primer informe de eva¬

327 512 259 74 luación,

385 580 1578 92 Observando también las conclusiones y recomenda¬

327 660 1633 80 ciones pertinentes sobre cambios climáticos aproba¬

327 728 1633 83 das en diversas reuniones intergubernamentales du¬

327 805 352 83 rante 1990,

385 879 1584 96 Observando además el hecho de que la mayor parte

330 959 1633 90 de la emisión actual de contaminantes en el medio am¬

330 1030 1630 87 biente se origina en los países desarrollados y recono¬

327 1107 1636 74 ciendo que a estos países les incumbe, por tanto, la

327 1163 1633 102 principal responsabilidad en la lucha contra la contami¬

330 1243 234 87 nación,

382 1333 1587 86 Acogiendo con agrado el hecho de que varios países

333 1401 1630 105 y una organización de integración económica regional

333 1478 1630 80 han adoptado ya medidas o contraído compromisos

330 1539 1633 93 concretos para hacer frente al problema de los cambios

330 1614 1633 86 climáticos y sus efectos mediante la estabilización o la

330 1685 1633 89 reducción de las emisiones nocivas para el medio am¬

330 1752 1636 84 biente de los gases de efecto de invernadero, y que

330 1826 1630 84 otros países están considerando la posibilidad de ha¬

330 1907 188 77 cerlo,

388 1984 1581 89 Observando que, de conformidad con el párrafo 10 de

330 2055 1633 89 la resolución 44/207 de la Asamblea General, la resolu¬

333 2123 1630 92 ción 4 (EC-XLII) del Consejo Ejecutivo de la Organi¬

333 2200 1630 86 zación Meteorológica Mundial, de 22 de junio de 1990,

333 2265 1633 102 y la decisión SS.II/3, de 3 de agosto de 1990, adoptada

333 2339 1633 89 por el Consejo de Administración del Programa de las

333 2410 1633 86 Naciones Unidas para el Medio Ambiente en su segun¬

333 2481 1636 80 do período extraordinario de sesiones^82, el Grupo de

333 2549 1633 89 trabajo especial de representantes de los gobiernos en¬

330 2617 1639 89 cargado de preparar las negociaciones para la celebra¬

330 2691 1639 83 ción de una convención general sobre los cambios cli¬

333 2762 1633 86 máticos se reunió en Ginebra del 24 al 26 de septiembre

330 2823 1528 93 de 1990 y formuló una serie de recomendaciones^83,

392 2925 1580 83 Reconociendo la constante necesidad de realizar in¬

333 2996 1636 83 vestigaciones científicas sobre las fuentes y los efectos

333 3070 1636 74 de los cambios climáticos y sus posibles repercusiones

333 3138 1633 80 adversas, incluidas las consecuencias socioeconómicas,

336 3206 1627 96 y la eficacia de las posibles estrategias de respuesta, y

333 3277 1633 83 reconociendo también la importancia de que los países

333 3345 1633 89 en desarrollo participen activamente y la necesidad de

333 3419 1633 92 prestarles asistencia y colaborar con ellos en las inves¬

333 3481 1167 92 tigaciones y medidas relativas al clima,

395 3579 1577 87 1. Decide establecer un solo proceso de negociacio¬

333 3657 1639 92 nes intergubernamentales bajo los auspicios de la

333 3728 1633 86 Asamblea General, apoyado por el Programa de las Na¬

333 3799 1633 80 ciones Unidas para el Medio Ambiente y la Organiza¬

333 3866 1630 87 ción Meteorológica Mundial, para que un Comité In¬

333 3940 1633 81 tergubernamental de Negociación prepare una conven¬

333 4008 1633 81 ción general eficaz sobre los cambios climáticos, que

333 4076 1636 84 contenga los compromisos apropiados, y los instrumen¬

336 4147 1636 84 tos conexos que se puedan convenir, teniendo en cuen¬

336 4218 1633 84 ta las propuestas que podrían presentar los Estados

336 4289 1636 93 participantes en el proceso de negociaciones, la labor

333 4360 1636 80 del Grupo Intergubernamental de Expertos sobre Cam¬

336 4431 1633 77 bios Climáticos y los resultados alcanzados en las reu¬

336 4499 1633 83 niones internacionales sobre el tema, incluida la Segun¬

333 4561 1219 95 da Conferencia Mundial sobre el Clima;

398 4663 1577 86 2. Decide que la composición del Comité Intergu¬

336 4737 1636 83 bernamental de Negociación esté abierto a todos los

336 4801 1636 90 Estados Miembros de las Naciones Unidas o miembros

2052 401 1643 92 de los organismos especializados y que participen tam¬

2059 478 1633 83 bién en él observadores de conformidad con la práctica

2056 555 1117 77 establecida de la Asamblea General;

2123 644 1569 87 3. Acoge con satisfacción la organización de proce¬

2059 709 1636 90 sos preparatorios de base amplia en el plano nacional

2059 786 1633 87 en los que participen, en la forma que proceda, la co¬

2062 854 1630 87 munidad científica, la industria, los sindicatos, las orga¬

2059 925 1636 87 nizaciones no gubernamentales y otros grupos interesa¬

2062 1006 145 77 dos;

2127 1095 1568 86 4. Decide que el primer periodo de sesiones de ne¬

2062 1163 1636 99 gociación se celebre en Washington, D.C., en febrero

2056 1234 1645 83 de 1991 y que, a reserva de que se revise el calendario

2059 1305 1639 86 al final de cada período de sesiones de negociación y

2062 1376 1633 89 teniendo en cuenta el calendario de otras reuniones in¬

2062 1447 1636 83 tergubernamentales sobre cuestiones de medio ambien¬

2062 1515 1636 86 te y desarrollo, en particular los períodos de sesiones

2062 1583 1636 86 del Comité Preparatorio de la Conferencia de las Na¬

2062 1654 1636 89 ciones Unidas sobre el Medio Ambiente y el Desarro¬

2062 1728 1636 86 llo, las reuniones posteriores se celebren en Ginebra y

2062 1799 1636 86 en Nairobi en mayo/junio, septiembre y noviembre/di¬

2059 1867 1639 86 ciembre de 1991 y según proceda, entre enero y junio

2062 1934 268 93 de 1992;

2130 2018 1571 102 5. Autoriza al Secretario General de las Naciones

2065 2107 1636 84 Unidas a que, con la asistencia del Director Ejecutivo

2065 2178 1636 81 del Programa de las Naciones Unidas para el Medio

2065 2246 1636 90 Ambiente y del Secretario General de la Organización

2068 2317 1633 87 Meteorológica Mundial, en espera de que se establezca

2068 2388 1633 87 la secretaría ad hoc del Comité Intergubernamental de

2068 2453 1633 86 Negociación, convoque con carácter extraordinario el

2065 2530 1633 93 primer periodo de sesiones del Comité Interguberna¬

2065 2601 1633 77 mental de Negociación, que se celebrará en Washing¬

2065 2669 1636 83 ton, D.C., en febrero de 1991, los periodos de sesiones

2065 2740 1636 96 posteriores del Comité serán convocados por la secre¬

2068 2826 395 71 taría ad hoc;

2130 2894 1571 96 6. Decide que cada uno de los períodos de sesiones

2065 2975 1636 86 de negociación tendrá una duración máxima de dos se¬

2065 3061 228 71 manas;

2133 3144 1571 87 7. Considera que las negociaciones para la prepara¬

2065 3218 1636 81 ción de una convención general eficaz sobre los cam¬

2065 3292 1633 78 bios climáticos, que contenga compromisos apropiados,

2065 3360 1639 93 y los instrumentos jurídicos conexos que se puedan con¬

2065 3431 1639 80 venir, deberían terminarse antes de la Conferencia de

2068 3502 1633 84 las Naciones Unidas sobre el Medio Ambiente y el De¬

2065 3573 1636 84 sarrollo, que se celebrará en junio de 1992, y abrirse a

2065 3647 982 77 la firma durante la Conferencia;

2127 3743 1574 83 8. Reafirma los principios enunciados en sus resolu¬

2065 3811 1636 83 ciones 44/207 y 44/228, que tienen en cuenta las preo¬

2068 3885 1630 83 cupaciones de todos los Estados y las necesidades espe¬

2065 3962 1031 77 cíficas de los países en desarrollo;

2136 4048 1565 84 9. Toma nota de la Declaración Ministerial aproba¬

2068 4119 1633 87 da en la Segunda Conferencia Mundial sobre el Clima,

2068 4190 1633 84 celebrada en Ginebra del 29 de octubre al 7 de noviem¬

2068 4265 426 83 bre de 1990^84;

2136 4354 1568 86 10. Decide establecer un fondo especial de contri¬

2068 4431 1636 83 buciones voluntarias, administrado por el jefe de la se¬

2068 4499 1636 86 cretaría ad hoc bajo la autoridad del Secretario General

2068 4576 1636 80 de las Naciones Unidas, para asegurar que los países en

2065 4641 1639 86 desarrollo, en particular los menos adelantados así co¬

2068 4718 1636 83 mo los pequeños Estados insulares en desarrollo, pue¬

2068 4789 1633 80 dan participar plena y eficazmente en el proceso de ne¬

2068 4857 1636 90 gociación, e invita a los gobiernos, a las organizaciones

392 4916 1058 102 82 Ibid., Suplemento No. 25, (A/35/25), anexo.

395 4993 487 83 83 A/45/696, anexo I.

2117 4956 695 108 84 A/45/696/Add. l. anexo lll.
