1024 1545
288 175 37 41 12

448 181 184 37 NOVELAS CORTAS

254 260 579 42 por la Cámara ardiente, y la venida de Olimpia

254 291 275 34 tenía trazas de fuga...

284 320 551 34 No lograron las razones del Rey convencer á

254 349 579 40 la Reina. Por una escalera secreta de Palacio

254 380 580 38 fué la Mancini diariamente introducida en la

255 410 579 38 regia Cámara. Carlos II suplicó que, al me¬

254 440 581 38 nos, no probase su esposa manjar que no hu¬

255 469 578 39 biese catado él, y ordenó que se pidiesen á

255 501 579 34 Francia contravenenos. La joven Reina sonreía

254 527 579 36 aturdidamente, y Carlos, desde la llegada de

254 558 580 39 Olimpia, se mostraba más abatido, más flojo

253 588 581 41 que nunca, más dominado por indefinibles te¬

254 620 581 36 rrores, quejándose de algo que no acertaba á

254 648 581 37 explicar; desmayo de su virilidad, decadencia

254 678 582 39 de sus energías...—Un día se esparció la fatal

254 708 581 38 nueva: la Reina se moría, la Reina había muer¬

255 739 580 38 to... La triaca pedida á Francia llegó veinti¬

254 769 269 35 cuatro horas después.

281 795 553 42 Susurró la gente; hubo en la opinión ese es¬

255 830 579 37 tremecimiento hondo que sigue á las tragedias.

254 858 580 38 Sin embargo, como del monástico y austero

254 885 580 41 Palacio real no salió un ruido ni una voz; como

254 916 582 41 la Mancini se evaporó lo mismo que había ve¬

254 948 582 36 nido, camino de Bruselas, sin que la persiguie¬

254 977 582 38 sen—los vasallos de la Católica majestad en¬

253 1006 582 40 mudecieron también y se dedicaron á esperar

254 1042 581 33 que la Princesa alemana que había de sustituir

253 1066 581 37 en el trono de España á María Luisa no fuera

254 1095 576 38 también estéril, y naciese el ansiado heredero—.

254 1126 580 37 Sólo dos ó tres duendes cortesanos soltaron la

253 1156 580 36 especie que la justicia buscaba á los servidores

253 1185 577 37 de la Mancini, para aplicarles el tormento y

253 1215 580 51 descubrir una horrenda trama. O los servido¬
