1024 1461
459 176 93 24 — 18 —

200 211 609 33 orden cronológico, para sentar las bases de la historia

200 238 609 32 de la Escuela, retrotrayéndose al abrir el libro, a la

201 262 251 31 época de su fundación.

245 284 564 31 16. — Acompañar a los alumnos en las excursio¬

203 313 553 28 nes y demás actos a que concurran en comunidad.

244 332 566 31 Artículo 24. — El Celador-Secretario podrá casti¬

204 358 607 33 gar con la pena de prevención a los alumnos y al Por¬

204 385 606 28 tero por la falta de cumplimiento de sus deberes, a

203 407 608 28 quienes podrá hacerles también reprensiones privadas

206 430 606 31 o públicas, según el caso; será de su cargo dar inme¬

205 452 607 31 diata cuenta al Director o al Subdirector de las faltas

205 477 543 33 que hubieren motivado el castigo o la reprensión.

246 499 566 35 Artículo 25. — El Celador-Secretario no podrá

206 525 606 31 autorizar ninguna clase de salidas del Plantel a los

205 548 607 31 alumnos, ni podrá servirse del Portero sino con anuen¬

205 572 607 33 cia del Director y para las necesidades de la Escuela.

247 595 565 34 Artículo 26. — El Celador-Secretario deberá per¬

205 621 608 30 manecer en el Establecimiento por lo menos ocho ho¬

207 644 606 35 ras diarias y dictará una hora diaria de clase por cuen¬

208 668 398 34 ta del sueldo de Celador-Secretario.

432 715 161 33 DEL PORTERO

249 759 565 38 Artículo 27. — Los deberes del Portero de la Es¬

207 788 289 30 cuela serán los siguientes:

250 808 566 38 1°— Abrir y cerrar las puertas del local a la hora

210 834 606 36 y por el tiempo que determina el Reglamento interno

207 862 130 30 del Plantel.

250 879 567 38 2° — Vivir en el local de la Escuela y no salir de él

210 908 482 32 sin orden o licencia del Director del Plantel.

253 931 412 32 3° — Cuidar y hacer el aseo del local.

251 952 565 36 4° — Pasar revista a los baños y demás dependen¬

210 978 447 34 cias para que en ningún caso falte agua.

254 999 563 39 5° — Cuidar de la distribución conveniente del

211 1026 134 29 alumbrado.

253 1046 565 40 6° — Dar cuenta a los superiores de las faltas que

211 1076 243 30 cometan los alumnos.

255 1093 563 39 7° — Cuidar solícitamente de la seguridad de las

211 1120 606 37 piezas y de la conservación del mobiliario, útiles y de¬

211 1147 292 30 más enseres de la Escuela.

253 1164 565 39 8° — Sacar de las oficinas de Correos y Telégrafos

212 1192 605 40 y llevar a las mismas la correspondencia oficial y pri¬

215 1221 376 43 vada de los superiores y alumnos.
