855 2216
62 30 685 70 EIN LA VOI DANS FON LA VILLE.

64 89 699 67 Hier jour grand lélection, et cé moin qui

40 132 722 56 di vou zotes, ça fait moin ein si grand la

40 168 723 57 peine, qué mo pa été capable couri voté

40 209 721 63 com blancs l'ayé, qué mo tou proche envi

40 252 80 44 crié.

66 274 696 59 Mo té tendé parlé moun qui yé té di té

41 318 721 55 n’anti; ca té tracassé mo la tête pou con¬

41 355 700 48 nin ça ein si drole qui chose té oulé di.

71 390 694 53 Mo mandé mo piti bos si Ii té capable

41 424 725 58 donné moin ein I'explication. Mo couté li,

43 462 724 51 com si Ii té bon Dié qui té apé palé, et

43 494 723 64 astair mo connin mieu ça a oulé di, pas¬

44 540 233 43 sé tou moun.

76 551 695 65 Dé n’anti, cé dé moun qui gégnin yé

48 592 723 53 poche pantalon plin tikette la lotri, et qui

48 631 459 46 pa oulé voté pou la lotri.

77 646 700 55 Nomme la yé, mo déja blié yé nom, tou

48 680 723 56 lé foi qué yé ovri yé la djoles, yé di, qué

48 710 724 47 tou moun qui pou la lotri, cé dé moun qui

45 743 724 49 payé pa lotri la; mé yé, couté yé ein peu, va

48 766 725 65 cré qué cé dé pti n’anges tou proche rivé

44 807 174 41 dans ciel.

86 816 691 58 Yé oulé fait tou moun la Louisiane cré,

54 859 722 47 qué na pa a rien plu mauvais passé la

52 883 725 55 lotri. Mo fou bin, ca yé di, mé bon Dié

60 912 721 49 connin qué la lotri Mexikin, la lotri la

54 944 728 48 Havane, maison jeu et wiski, connin fait

55 976 669 50 plus du mal qué la lotri la Louisiane.

114 1003 664 47 N'anti l’ayé apé guélé dans tou la ville,

56 1035 726 48 qué si Ia lotri la gagné, li c'rai oulé bos

52 1059 727 55 fou la Louisiane. Mé yé, qui si malin, yé

54 1095 560 47 pa di ca yé alé fait si yé gagné.

87 1114 695 50 Moin mo pa ein si grand nomme la

50 1148 731 41 science, mo jammin couri l'école, mé mo

52 1176 727 45 oulé di n’anti l’ayé, qué mo pa si sotte

52 1205 726 47 qué yé cré, et qué si yé pensé qué morso

51 1232 725 47 papié la yé qué yé mété en bas mo la

51 1256 725 55 porte, alé fait moin voté l'ote coté la lotri,

54 1295 235 43 yé songé mal.

82 1302 694 64 Mo l'opinion pou la lotri, et mo oulé qué

52 1346 724 50 tou moun blanc, et tou moun mo nation

51 1380 430 39 connin mo raisonnement.

83 1402 695 45 Mo resté dans fon la ville, mo gagnin ein

60 1435 714 47 piti coin la ter, dans qui mo séyé fait ein

54 1463 722 47 ti brin jardin pou payé mo license l'éta,

52 1489 724 49 mé proche tou les ans. du vent souflé si

52 1519 722 53 haut. do lo qui sorti loi dans lac Ponsa¬

52 1547 724 46 train. Vini néyé tou nou zotes butin. et

52 1575 721 54 bligé non zotes grimpé en haut grénié,

52 1609 461 45 com si nou zotes té souris.

85 1629 692 52 Si la lotri gagné. Nou zotes alé gegnin

54 1666 723 46 ein gro l'alvée tou tour la ville, et tou long

52 1695 727 50 fleuve. et ni do lo lac. ni do lo fleuve alé

56 1724 667 50 chappé pou vini fait crié pauve moun.

82 1750 699 52 Mo gégnin ein frère dans la religion. li

57 1781 724 50 resté labitation, quékfois li di moin, mo

57 1810 722 48 cher lami: Mo oulé voyé mo piti négues

57 1846 719 44 l’cole. mé mo bligé gardé ye la maison,

56 1874 595 46 na pa l'école dans mo la paroisse.

85 1899 696 47 Si la lotri gagné so la cause. li alé mon¬

57 1929 722 48 té dé n’écoles publick dans tou paroisse la

57 1959 720 56 Louisiane. et tou moun alé capable mété

60 1996 255 45 yé piti l’école.

85 2011 696 56 Justine cé nom mo femme, li di moin:

57 2049 722 47 Antouène, nou zotes va prié bon Dié, pou

57 2079 720 44 qué li metté so bénédiction en haut bon la

56 2108 723 67 lotri la Louisiane. Bon Dié bon, et li va

55 2144 318 46 couté nou prieres.

511 2134 241 46 ANTOUENE.
