789 1935
83 51 609 51 FRANCOIS LA FERRAILLE.

27 101 721 58 He opposes the Removal of Clay

77 145 675 47 statue Uptown and Has Some¬

76 178 674 52 thing to Say of the New Or¬

76 213 493 49 leans Base Ball Club.

237 250 492 51 Brunswick, le 13 Juillet, 1893.

51 284 702 50 Mo Cher L'ami Lafaience – Mo a pale pran

25 320 727 47 la plime ci la la pour crire toi queques tit mots,

25 356 729 47 mais come ma apes tremble vec colere caic mo

24 391 731 48 apes pense, a tou outrage laye, que ye ape

23 431 733 39 faire en haut creiolle. Comment! vous ottes

24 459 730 48 ape laisse moun faubourg mericain demenager

24 495 732 46 statue qui te coin Royale et Canal, statue

25 529 731 51 de Misieu Henri la Clef? ce ca qui pale ette un

25 569 275 42 proppe qui chose.

54 595 701 52 si tou vous ottes habitans de faubourg patasa,

27 638 728 41 pa cause unue revolte, ce que vous ottes pai

27 667 730 46 gagne un la goutte du bon vieu sang Creolle

25 703 731 48 dans vons la veines. Avec l'abolition, Iagniappe

26 737 731 45 cete pa asse l'afrant, ye alle prende tout qui

27 772 731 46 chose que ye capabe maitre ye la main en

27 805 729 48 haut. Tende moin Lafaience prochain qui chose

30 843 727 46 ye palle prendre, pou pose dans quegus la place

26 876 732 48 faubourg en haut, pale ette statue de notte

29 909 726 48 vieu General Jacqueson, que nous ottes te pre

26 946 729 47 avec gran ceremonies en haut la place d’Armes,

30 981 728 46 en face vieu Cathedral St. Louis. Ci ye te

29 1013 730 46 capabe, vieu Catedral ce un otte qui chose que

31 1050 728 43 ye pale saiye suffle vous ottes. A! mon cher

31 1087 728 46 vieu Lafaience, quand mo te pense ou bon vieu

31 1119 534 47 temps do lo ape rempli mo desye.

63 1152 698 46 Ye gagne un otte qui chose qui fai moin la

32 1182 729 43 peine, oui mon cher, beaucoup la peine. Vous

30 1211 732 40 ottes te gagne un la club de Baisse la balle, et

32 1239 729 42 tout le jours mo la femme qui vien dans

32 1265 729 43 moun ci la la a la Mobile, mais qui reste dans

32 1293 729 43 bon vielle Nelle Orleans tout so la vie, comme

32 1321 730 42 mo te pale di toi, tou matin laye le Iire dans

32 1350 727 42 gazette mericain que Misieu ᑕampau, Powell,

33 1378 728 39 et ottes moun qui seye joue la balle pas bon,

34 1407 730 39 et que tou club la balle laye de la vile dans

33 1430 729 44 la Georgie batte ye chaque fois que ye joue, et

33 1459 731 48 tout moun par ici ye dit que club vous ottes

33 1486 345 42 et un club de farceur.

60 1510 703 48 A mon cher Lafaience, tou qui chose laye fe

33 1541 731 43 mo du sang bouillie dans mo la veine. A ca ce

38 1577 725 34 pas comme nous otte quand nous tes joue

34 1597 730 41 raquette dans plaines dans faubourg den bas

35 1625 729 41 ou dan place Congo. Eh! mon cher, to rapli toi

34 1654 731 40 can nou ottes te hele nommes nous ottes a la

38 1682 726 39 victoire quan nou te done vieu cri la guerre

50 1707 714 43 “Hardi Bayou!” “Hardi la Ville.” A Bigre!

39 1736 726 40 tou vieu pense laye fait moin malade e donne

33 1765 680 44 moin maladie la que ye pele “Mal du pays.”

66 1793 699 39 Mo prie toi mo cher Lafaience de donne mo

39 1819 676 48 l’amities a to nepouse et to pitits. Ton ami,

291 1849 446 39 FRANCOIS LA FERRAILLE.
