1024 1415
468 55 16 29 5

282 89 391 25 die Oxyde, dann die Salze desselben, darauf die Schwe¬

281 113 392 23 felverbindungen, die Schwefelsalze, die Chlorverbindun¬

283 134 166 20 gen u. s. w. abhandeln.

318 176 315 33 Die Metalle der Alkalien und Erden.

314 209 359 24 Noch weniger, wie sich eine scharfe Grenze zwischen

282 231 391 22 dein Metalloïden und Metallen ziehen lässt, kann man die

282 249 390 24 Metalle der Alkalien, der Erden und die übrigen Metalle

283 271 390 21 von einander trennen und in besondere, durch ausgezeich¬

282 290 390 22 nete Charaktere von einander geschiedene Klassen abthei¬

282 308 390 23 len. Obgleich jetzt die Darstellung des Kaliums und Na¬

282 330 390 20 triums nicht viel schwieriger ist, als die des Zinks, so ist

282 349 389 22 die Natur der Alkalien und Erdarten doch erst spät ent¬

282 368 389 21 deckt worden, und dieses ist der Grund gewesen, dass

282 385 388 25 man die Allkalien und Erden von den schon zerlegten

282 407 388 22 Metalloxyden trennte. Eben so wie jeder Substanz oder

281 426 389 25 chemischen Verbindung gewisse Eigenschaften zukommen,

281 445 389 23 so kann man künstliche Abtheilungen zwischen den ver¬

281 466 390 21 schiedenen Metallen machen, indem man eine gewisse An¬

281 486 389 20 zahl dieser Eigenschaften als das Charakteristische einer

281 505 389 19 Klasse aufstellt. Man könnte diese Abtheilung ohne gro¬

281 525 389 22 ssen Nachtheil ganz weglassen, und die einzelnen Körper

281 543 389 21 neben einander, wie sie durch ihre in wissenschaftlicher

281 562 389 22 oder in praktischer Hinsicht am meisten wichtigen Eigen¬

281 584 389 20 schaften zusammen gehören, abhandeln, wenn es hier nicht

281 601 393 22 besonders nöthig wäre, auf die schon in anderen Lehr¬

281 619 389 24 büchern und Wissenschaften gebräuchlichen Abtheilungen

281 641 389 24 und Namen aufmerksam zu machen, und den Studirenden,

282 661 388 22 an diese Abtheilung, worauf man sich so häufig bezieht,

282 680 388 22 zu gewöhnen. Jede Eintheilung, von welcher Art sie sein

281 701 389 21 mag, hat ihre grossen Schwierigkeiten; will man z. B. die

281 720 387 21 chemischen Eigenschasten des Metalls berücksichtigen, so

282 738 387 22 muss man das Silber neben das Gold, das Blei neben das

282 760 388 19 Kupfer stellen; berücksichtigt man dagegen die chemi¬

282 778 388 20 schen Eigenschaften der Oxyde, so muss man das Silber

283 801 386 24 neben das Natrium, das Blei neben Strontium und Ba¬
