1024 1482
113 223 740 49 Bücher über Kunst, Kunstgeschichte und

294 266 382 45 Leben der Künstler.

114 354 737 38 1 Dictionnaire des arts de peinture, sculpture et gravure par  Watelet et

146 385 705 32 Lévesque. 5 Tomes. Paris, 792. 8. 12 Thlr.

109 403 740 39 2 Aesthet. Wörterbuch über die bildenden Künste nach C. H. Watelet

148 430 703 35 und Levesque; mit nöthigen Abkürzungen und Zusätzen- fehlender

148 455 702 37 Artikel, kritisch bearbeitet von K. H. Heydenreich. 4 Bände. Leip¬

146 482 703 31 zig, 793. 95. gr. 8. 8Thlr. 20 gr.

109 502 738 38 3 Sulzer, J. G., Allgemeine Theorie der schönen Künste in einzelnen,

146 530 704 33 nach alphabetischer Ordnung der Kunstwörter, auf einander folgenden

145 554 705 37 Artilkeln abgehandelt. 2te vermehrte Auflage. 4 Theile mit Register.

143 581 705 34 Leipzig, 792. 99. 8. Thlr. 14 gr.

109 602 741 37 4 v. Blankenburg, F., literarische Zusätze zu Sulzer's allgemeiner

144 627 703 39 Theorie der schönen Künste. 3 Bände nebst Register. Leipzig, 796.

145 657 701 29 98. 8.  5 Thlr. 4 gr.

106 670 741 41 5 Webb's, Ritter, Untersuchungen des Schönen in der Malerei und der

147 703 701 33 Verdienste der berühmtesten alten und neuen Maler. A. d. Engl. von

144 725 703 38 C. W. Vögelin, mit R. Mengs Gedanken über die Schönheit in der

142 752 700 38 Malerei vermehrt. 2te Aufl. Zürich, 771. gr. 8. 20 gr.

106 776 740 36 6 Lessing, G. E. Laokoon, oder über die Gränzen der Malerei und

142 801 704 37 Poesie, mit vorläuf. Erläut. verschied. Punkte der alten Kunstgeschichte.

140 825 706 41 Herausg. von K. G. L essing. Neue vermehrte Auflage. Berlin, 805.

142 853 699 32 8.  1  1Thlr. 8. gr.

106 873 737 40 7 Bonafont, C. Ph., Kunstandeutungen aus ästhetichem Standpunkte,

137 901 704 37 zunächst für angehende Künstler und Kunstfreunde. Berlin, 829. 8.

102 949 739 40 8 Grüneisen, C., über die bildliche Darstellung der Gottheit. Stuttgart,

777 937 64 29 20 gr.

137 976 702 36 830. gr. 8. 21 gr.

102 997 739 42 Wyss, J. R., Schönheit und Kunst, der schweiz. Künstlergesellschaft

138 1022 700 41 gewidmet, mit Raphaels Bildniss. Zürich, 809. 8. 4 gr.

101 1049 740 40 10 Schelling, F. W. J., über das Verhältniss der bildenden Künste

137 1073 701 38 zur Natur. Landshut, 808. 8. 12 gr.

98 1097 739 35 11 v. Ramdohr, F. W. B., Charis; oder: über das Schöne und die Schön¬

139 1126 697 36 heit in den nachbildenden Künsten. Leipzig, 793. 8. 2 Thlr. 8 gr.

98 1154 740 31 12 Du Bois, kritische Betrachtungen über Poesie und Malerei. 3 Bde.

134 1176 702 35 Breslau, 768. 8. 1 Thlr. 3 gr.

99 1197 740 43 13 Kestner, A., Abhandlung über die Frage: Wem gehört die Kunst.

134 1223 704 49 Berlin, 830. gr. 8.  12 gr.

692 1251 21 51 1
