1024 1477
757 70 11 32 5

315 62 331 23 Die Freudsche psychoanalytische Methode

182 99 591 31 indem er sie ohne andersartige Beeinflussung eine bequeme

183 127 589 28 Rückenlage auf einem Ruhebett einnehmen läßt, während er

182 156 589 23 selbst, ihrem Anblick entzogen, auf einem Stuhle hinter ihnen

181 177 591 27 sitzt. Auch den Verschluß der Augen fordert er von ihnen nicht

182 205 590 31 und vermeidet jede Berührung sowie jede andere Prozedur, die

181 233 591 27 an Hypnose mahnen könnte. Eine solche Sitzung verläuft also

182 257 589 28 wie ein Gespräch zwischen zwei gleich wachen Personen, von

182 282 589 26 denen die eine sich jede Muskelanstrengung und jeden ablenken¬

181 309 590 31 den Sinneseindruck erspart, die sie in der Konzentration ihrer

183 337 588 26 Aufmerksamkeit auf ihre eigene seelische Tätigkeit stören könnten.

202 361 571 26 Da das Hypnotisiertwerden, trotz aller Geschicklichkeit des

181 386 591 26 Arztes, bekanntlich in der Willkür des Patienten liegt, und eine

180 414 591 28 große Anzahl neurotischer Personen durch kein Verfahren in

181 443 591 25 Hypnose zu versetzen ist, so war durch den Verzicht auf die

180 465 591 28 Hypnose die Anwendbarkeit des Verfahrens auf eine unein¬

182 491 589 32 geschränkte Anzahl von Kranken gesichert. Anderseits fiel die

181 519 591 25 Erweiterung des Bewußtseins weg, welche dem Arzt gerade jenes

182 547 589 24 psychische Material an Erinnerungen und Vorstellungen geliefert

181 571 590 28 hatte, mit dessen Hilfe sich die Umsetzung der Symptome und

179 600 592 28 die Befreiung der Affekte vollziehen ließ. Wenn für diesen Aus¬

180 626 591 23 fall kein Ersatz zu schaffen war, konnte auch von einer thera¬

180 650 366 24 peutischen Einwirkung keine Rede sein.

200 674 571 30 Einen solchen völlig ausreichenden Ersatz fand nun Freud

180 701 591 31 in den Einfällen der Kranken, das heisst in den ungewollten,

181 731 590 23 meist als störend empfundenen und darum unter gewöhnlichen

181 753 590 26 Verhältnissen beseitigten Gedanken, die den Zusammenhang einer

179 780 591 30 beabsichtigten Darstellung zu durchkreuzen pflegen. Um sich

179 809 590 23 dieser Einfälle zu bemächtigen, fordert er die Kranken auf, sich

179 833 590 28 in ihren Mitteilungen gehen zu lassen, „wie man es etwa in

179 860 590 27 einem Gespräche tut, bei welchem man aus dem Hundertsten in

180 886 590 30 das Tausendste gerät.“ Er schärft ihnen, ehe er sie zur detaillierten

179 913 590 24 Erzählung ihrer Krankengeschichte auffordert, ein, alles mit zu

179 939 590 30 sagen, was ihnen dabei durch den Kopf geht, auch wenn sie
