955 1566
425 92 75 25 – 3 –

100 153 720 29 nach Tirol zurückzuziehen. In Italien verblieb vom österreichi¬

99 180 720 31 schen Heer außer der vierzehntausend Mann starken Besatzung

100 204 720 34 Mantuas nur noch ein zur Verteidigung der Zitadelle von

100 229 719 32 Mailand zurückgelassenes zweitausend Mann starkes Detache¬

100 260 478 32 ment, das sich erst am 29. Juni ergab.

151 282 669 33 Bonaparte hätte nun an die letzte Aufgabe seines Opera¬

100 308 720 34 tionsplanes herantreten können, Matua durch einen der

100 335 720 29 Stärke der Besatzung entsprechenden Teil seiner Armee ein¬

100 361 721 31 schließen und belagern lassen, mit dem Rest aber den Marsch

100 388 721 32 über Tirol, wo ihm die Trümmer der Beaulieuschen Armee

101 416 719 27 keinen starken Widerstand mehr leisten konnten, nach Bayern

100 438 720 34 antreten. Doch dazu fehlte die nötigste Vorbedingung, denn

100 466 720 34 die französische Rheinarmee hatte ihre Operationen noch gar

100 495 721 28 nicht begonnen, mit seinem kleinen Heer allein aber gegen die

100 521 720 29 zweihunderttausend Österreicher in Süddeutschland vorzugehen,

102 545 720 32 wäre von Seite Bonapartes Wahnsinn gewesen. Hingegen war

100 571 721 32 zu erwarten, da die Österreicher die Zurückeroberung ltaliens

102 602 720 24 versuchen würden; darum mußte Bonaparte zunächst das bisher

101 622 722 29 erworbene Gebiet sichern und militärisch besetzen. Unter¬

100 649 723 29 dessen hatte die französische Armee verschiedene Operationen

100 675 722 29 sekundärer Art auszuführen. Am 7. Mai hatte Bonaparte neue

102 702 720 29 Instruktionen vom Direktorium erhalten, in denen es auf die

101 728 719 32 derzeit unübersteiglichen Schwierigkeiten eines Feldzuges in

102 753 720 31 Tirol hinwies, diese Unternehmung für spätere Zeiten aufschob

100 782 721 29 und dem General auftrug, einstweilen gegen Rom und Toscana

100 806 721 30 zu marschieren, den Hafen zu Livorno zu besetzen und den

101 830 720 32 Einfluß Englands in diesen Gegenden von Italien zu vernichten.

101 856 722 32 Die nächsten Wochen, bis Anfang Juli, war Bonaparte mit diesen

101 883 722 33 Aufgaben beschäftigt. Zwar erhielt er schon um diese Zeit

100 909 722 30 die Nachricht, daß die Österreicher in Tirol vom Rhein her

103 939 721 26 Verstärkungen an sich zogen, doch bevor diese nur bei Trient

102 963 722 33 eintreffen konnten, hatte er noch drei Wochen vor sich. In

101 988 722 31 dieser Zeit erledigte er die Angelegenheiten im mittleren Italien

101 1014 722 34 spielend. Doch in keinem Augenblicke lies seine Aufmerk¬

101 1040 722 35 samkeit die Ereignisse in Deutschland außeracht. Fortwährend

97 1067 723 30 drängte er das Direktorium, mit den Operationen am Rhein be¬

98 1094 721 32 ginnen zu lassen, die ihm jetzt nicht nur ermöglichen sollten,

98 1118 722 30 seinen Vormarsch gegen Tirol anzutreten, sondern auch die

98 1144 722 30 Österreicher hindern mußten, ihre Rheinarmee durch weitere

100 1171 719 34 Truppensendungen zu schwächen. Die Zusammenziehung

99 1201 720 25 einer dei seinigen überlegenen Armee in Südtirol erschien ihm

98 1225 722 29 immer drohender. „Die Tiroler verschanzen sich,” schreibt er

100 1250 723 33 dem Direktorium, “*) waffnen sich, und Beaulieu geht damit um

102 1276 721 32 die Schluchten Tirols unpassierbar zu machen. Der Kaiser

102 1303 721 28 sagt es aller Welt, daß er im August in Italien wieder ein¬

102 1330 721 31 rücken wird. Gedenken Sie der Armee von ltalien! Schicken

103 1354 718 31 Sie ihr Mannschaft auf Mannschaft. Wenn es nach dem all¬

161 1378 276 40 *) Correspondance Nr. 639.
