3760 5246
1413 402 775 113 ARS MEDICA

3057 419 131 134 337

406 563 1360 114 la Fisio-Patología de tan grave padeci¬

406 651 1360 122 miento. Y así, es la teoría tóxica la más

402 738 1364 118 antigua y por más investigadores susten¬

406 830 1360 118 tada (AMUSATE, 1839, REICHEL, 1886,

406 913 1360 114 KIRSTEIN, 1887, ALBARRÁN y CAUSSADE,

424 1001 1342 131 1928, SUGITO, NOLF, CIBULSQUI, 1887,

406 1092 1360 114 TARCHANOFF, VONKAUTZ, etc, etc.), sin

410 1184 1356 110 hallar substratum anatómico, como re¬

419 1272 1347 109 sume SUGITO, en las necropsias de los ani¬

406 1359 1360 114 males de experimentación, al decir que

413 1460 916 99 nada de especial encuentra.

476 1538 1290 118 NOLF piensa en el papel de la pared

410 1626 1370 116 intestinal en la absorción de los produc¬

410 1719 1359 105 tos tóxicos sin tener en cuenta, como acer¬

410 1815 1362 102 tadamente dice BOTTIN, que el intestino

410 1908 1367 100 de la obstrucción no es semejante al nor¬

413 1981 1364 114 mal, sino que en él pueden haber altera¬

408 2083 1369 111 ciones que le hagan permeable a ciertas

410 2171 1359 105 substancias a las que normalmente no lo

410 2264 155 99 sea.

476 2338 1303 118 LAUWERS y BARACZ hablan de una cau¬

406 2435 1373 109 sa infecciosa y encuentran en los anima¬

419 2509 1360 122 les de experimentación, con obstrucción

419 2609 1360 110 simple o segmentaria, una peritonitis con

424 2697 1333 113 distensión de la pared intestinal, infla¬

410 2793 1347 109 mación y aun gangrena de su pared, que

410 2872 1347 131 a veces conduce a la perforación. Quien

410 2955 1347 122 habla de irritaciones reflejas del simpá¬

415 3051 1329 118 tico y trastornos circulatorios consecu¬

410 3134 1347 127 tivos (LEICHTESTERN en 1870 y KUKULA

410 3235 1347 113 en 1901), quien de una congestión del

415 3309 1346 131 área de inervación del esplácnico, cau¬

415 3396 1342 136 sante de una anemia cerebral (BRAUN y

422 3497 691 125 BORUTTEN en 1908).

480 3589 1286 122 HARTWELL, HOGUET, BECKMANN, MAC

419 3672 1347 140 LEAN y ANDRIES, defienden la deshidra¬

428 3764 1338 122 tación tisular como causa de muerte en

419 3847 1347 135 la oclusión intestinal y ha sido el prin¬

415 3951 1351 123 cipio de numerosas experiencias que

415 4026 1351 140 abrieron el camino para averiguar la dis¬

419 4118 1347 135 minución de los cloruros y aumento de

419 4214 1364 127 la urea en la sangre de los individuos afec¬

419 4288 1364 175 tos de oclusión intestinal (HADEN, ORR,

416 4389 301 163 etcétera).

1853 579 1335 126 SCHMIEDEN y SCHEELE, en 1922, pien¬

1827 660 1360 118 san en los trastornos del dinamismo car¬

1827 760 1351 105 díaco debidos a la oclusión intestinal y

1827 839 1355 127 WHITE y FANDER, en 1930, dicen que la

1827 926 1355 114 muerte sería debida a la pérdida del lí¬

1827 1014 1351 122 quido intestinal y de las sales, fundán¬

1827 1106 1355 113 dose en la prolongación de la vida en los

1827 1193 1355 118 animales afectos de dicha dolencia, por

1827 1280 1355 118 la reposición, mediante sonda, de los lí¬

1827 1359 599 127 quidos vomitados.

1897 1471 1285 108 Paralelamente a esta falange de inves¬

1827 1543 1351 126 tigadores marcha la experimentación en

1827 1639 1351 127 lo referente a las pancreatitis. SEIDEL, en

1827 1726 1355 118 1910, después de sus trabajos, sienta las

1827 1801 1351 131 bases de la teoría del reflujo del conteni¬

1827 1901 1351 123 do duodenal a las vías pancreáticas en

1827 1989 1351 118 la producción de la pancreatitis hemo¬

1827 2072 1351 126 rrágica, que son compartidas en 1920, por

1827 2168 1351 114 BROCQ y BINET. Realiza una gastroduo¬

1827 2247 1347 139 denotomía, previa exclusión del píloro, y,

1827 2343 1342 118 al cabo de un mes, la ligadura mediana¬

1827 2439 1351 118 mente apretada en el duodeno, por de¬

1827 2522 1351 122 bajo de la fístula gastro-intestinal. A las

1827 2614 1338 118 24 ó 48 horas aparece el síndrome de la

1827 2706 1342 109 pancreatitis hemorrágica con esteato-ne¬

1827 2793 1347 122 crosis, que SEIDEL interpreta por pene¬

1827 2889 1347 114 tración del contenido duodenal favore¬

1827 2968 1351 118 cida, según OPIE, por el hecho de no

1827 3055 1347 123 tener el canal de Santorini su orificio pro¬

1827 3147 1351 118 tegido, como el de WIRSUNG, por una

1831 3248 263 113 válvula.

1847 3331 1327 134 En 1920 LEVEUF y DEL VALLE y

1827 3418 1351 131 BRIAND dicen de la importancia del es¬

1827 3519 1351 109 tasis crónico del duodeno en la produc¬

1827 3602 1351 118 ción de pancreatitis, llevando a cabo, es¬

1827 3689 1351 118 tos últimos, trabajos experimentales fun¬

1827 3772 1342 131 dados en la reducción, en un punto a

1827 3873 1342 127 quince centímetros por debajo del píloro,

1827 3960 1347 127 de la luz duodenal y provocando así una

1827 4048 1347 118 dilatación y estasis crónico consecutivo;

1827 4135 1347 118 encontraron una dilatación de los cana¬

1827 4227 1342 118 les excretores del páncreas y lesiones, no

1833 4322 1341 137 constantes, de necrosis y nódulos fibro¬

1827 4424 310 126 calcáreos.
