1024 1465
488 42 68 28 — 14 —

148 89 747 35 Pons de Urriols, Mestre Ogolí, Mestre G...»; eren en el seguici

148 119 746 41 fins a seixanta-set, sens contar els macips, acemilers y demés servi¬

148 153 329 35 dors, ni'ls sarrains ballesters.

196 179 699 37 El jorn següent anà l’Infant de Targa a Cervera, ont féu

148 209 747 36 pagar a «Pedrolo, per canpelant et unes coples que comprà, II.

148 238 748 38 solidos. Item a un cavaler lombart, XXXII. solidos. Item per una

149 266 748 40 galina al ostor, IX. diners. Item a XXXIII. moros per quitació de

148 297 749 34 IIII. dies, XXXIIII. solidos. Item costaren II^es cartes de fer XII.

148 328 749 33 diners». Tampoc era gaire remunerat l’ofici de memorialista. «Item

149 357 747 37 a Berenguer Genet, pa als cans per XX. dies, V. solidos. Item a

150 387 746 33 Pedrolo, per un ca, XIIII. diners.» Tornam a observar que cada

150 418 746 32 moro guanyava solament un sou per quatre dies de servey militar.

150 447 747 35 Eren sous barcelonesos de tern y del valor de dotze diners. El sou

149 480 748 30 era moneda imaginaria, més el diner era efectiva, portant un quart

149 505 748 36 de plata y tres quartes parts de lliga, essent la talla de 72 sous per

150 536 748 35 marc, o sia per vuit unces. La valor relativa de la moneda sols se

150 564 747 40 pot conèixer aproximadament després de reunits molts preus d’ob¬

151 601 344 32 jectes coneguts y d’ús general.

196 626 702 32 Per posar-se d’acord sobre les coses a fer per la rebel·lió del

150 654 749 38 Comte de Foix y del Vescomte de Cardona, ab motiu de l’herencia

150 683 748 39 del Comtat d’Urgell, l’Infant tingué varies conferencies ab el rey

150 714 750 34 son pare a Lleida y a Cervera o altres llocs propers. Don Jaume

150 743 750 35 era encara a Cervera'l dia 6 de Novembre, en negociacions ab

150 774 751 35 aquells dos personatges; el dia 9 era a Lleida, tractant ab Jaume de

151 805 746 30 Cervera, un dels marmessors del comte Alvar de Cabrera; el 17

153 834 748 36 passava per Osca y per Saragoça'l 29. Sempre per documents

153 862 747 37 autèntics, sabem que'l dia 5 de Desembre pernuità’l rey a Ricla,

154 892 747 39 y els dies 9, 10 y 11 a Calatayud. Havia ja rebut l’invitació del

153 922 748 34 seu fill Sanxo, nomenat arquebisbe de Toledo, per concórrer a la

153 953 748 35 celebració de la seva primera missa, y s’encaminava cap a aquella

153 981 748 34 antiga ciutat dels concilis. Durant l’absencia del Rey romaní l’In¬

153 1013 748 32 fant encarregat del govern, y especialment de les negociacions per

154 1041 747 34 resoldre’l conflicte d’Urgell. Tinc, doncs, la satisfacció de compro¬

156 1071 745 37 var y confermar la Crònica de Jaume'l Conqueridor, tant criticada y

155 1106 746 30 objecte de tants dubtes, en tot lo que ressenya en els apartats 474

156 1131 747 36 y 475. «E deya en ses cartes (l’arquebisbe de Toledo) que ben ven¬

155 1163 749 33 dria ell a nos con a son pare e son senyor, mas, que li ho perdonas¬

156 1192 746 32 sem, car tantost no venia a nos que appareylaues dacuylir nos,

157 1223 747 28 mas que venria a nos a Calateyu, e que entraria ab nos en Caste¬

157 1250 746 31 lla... E per ço com lo dia de Nadal era tan prohisma, lexam en

157 1280 747 36 Cervera nostre fiyl linfant en Pere, e que tingues ali frontera. E
