405 640
148 62 45 16 — 233 —

23 80 293 18 périté générale et aux relations amicales entre les nations et ne mette pas en

23 89 103 15 péril la paix et la sécurité.

30 98 286 15 Il faut trouver une solution aux problèmes que posent le caractère et le

23 109 293 15 tracé de la frontière germano-polonaise. Sans doute cette solution nécessitera-

23 119 293 14 t-elle des recherches et des renseignement précis, mais on peut dès mainte¬

23 130 293 14 nant délimiter dans l’ensemble le champ de ces recherches. On conviendra,

23 140 293 14 semble-t.il. que le sud de la Prusse orientale doit devenir territoire polonais.

23 150 293 14 La Haute-Silésie allemande ct son sestème industriel doivent égalcment

23 160 293 16 devenir polonais, mais des dispositions devraient être prévues pour faire en

23 171 293 14 sorte que son charbon et ses autres ressources puissent être employés au

23 181 294 15 soutien de l’économie de l’Europe. La répartition du restant du territoire

23 191 293 18 qui est surtout agricole, nécessite un examen des besoins des peuples polonais

22 202 213 14 et allemand et de ceux de l’Europe dans son ensemble.

31 212 285 14 En conséquence, le délégué des États-Unis propose que le Conseil se mette

23 222 151 20 d'accord À Moscou sur le texte suivant :

30 235 284 23 Le Conseil des Ministres des Affaires etrangères institue une Commission

23 253 292 15 spéciale de délimitation qui fonctionnera sous la direction des Suppléants.

22 264 293 13 Elle sera composée de représentants de l'U. R. S. S., du Royaume-Uni, des

23 274 292 14 Etats-Unis, de la France. de la Pologne et d’un nombre approprié d’autres

23 284 292 13 Etats alliés qui seront désignés par le Conseil des Ministres des Affaires

24 294 291 18 etrangères. Le Conseil des Ministres des Affaires étrangères invitera la Pologne

23 305 213 16 et chacun des pays désignés à nomner un représentant.

32 315 283 15 «La Commission aura pour fonctions d’examiner et de recommander au

22 324 177 17 Conseil des Ministres des Affaires étrangères :

32 337 284 16 «a Une revision de la frontière germano-polonaise d’avant-guerre qui

22 349 293 14 assure à la Pologne une compensation équitable pour la cession à l’U.R.S.S.

23 360 169 16 du territoire situé à l’est de la ligne Curzon;

32 371 284 15 «b. La conclusion d’accords économiques qui permettront de garantir que

22 381 294 15 les matières premières et les ressources de l’industrie lourde de la région en

22 393 294 14 question qui sont d’un intérêt vital pour l'économie européenne seront équi¬

23 403 293 15 tablement utilisées pour subvenir aux besoins de cette économie et notamment

22 414 101 14 aux besoins de la Pologne.

32 425 284 15 «En formulant ces recommandations, la Commission présentera, après

22 436 294 17 enquête, un rapport sur la réinstallation des Polonais et sur le peuplement

22 448 294 16 allemand dans les régions en question et recherchera le meilleur moyen d’assu¬

22 458 294 17 rer l’exploitation effective de ces régions au profit du bien-être des peuples

21 468 225 18 polonais et allemand, et de l'Europe dans son ensemble.»

30 483 286 17 M. BlDAULT indique que si le Conseil avait suivi un ordre logique dans

21 495 295 16 ses travaux, en abordant le problème allemand il aurait fixé les frontières de

21 506 295 15 l’Allemagne avant d’entreprendre l’étude des autres questions d’ordre général,

21 516 295 14 ll serait en effet vain de réaliser un accord sur les principes de l’organisation

21 526 294 18 politique ou économique de l'Allemagne sans connaître l'étendue du terri¬

21 537 179 16 toire auquel ces principes doivent s’appliquer.

29 546 286 21 En évoquant à nouveau cette question de méthode, M. Bidault désire seu¬

319 235 64 22 Proposition XXXXX

327 251 57 10 de création d'une

326 258 58 9 Commission spéciale

326 265 58 10 de délimizaion de la

326 272 58 17 fronière germano-

326 279 28 19 polonaise.
