710 1011
148 99 415 23 LA MÉTAMORPHOSE DES LITS TORRENTIELS

239 123 234 23 À LA FIN DU XIX^E SIÈCLE

161 163 392 30 UN EFFET DU CHANGEMENT CLIMATIQUE

244 191 219 26 OU DU REBOISEMENT ?

241 233 231 25 (BASSIN DU HAUT-BEZ, DRÔME)

171 319 368 20 Par GRÉGOIRE THEVENET^1, LAURENT ASTRADE^2, JEAN-PAUL BRAVARD^1

71 347 409 23 ^¹ - Université Lyon Il, LRGE, UMR 5600, 5, Avenue P. Mendés-France, F 69976 Bron Cedex

70 370 565 24 ^2 - Institut de Géographie Alpine, Université Grenoble 1, UMR 5564 (LTHE), 14bis, Avenue Marie Reynoard F 38100 Grenoble

69 465 50 17 RÉSUMÉ

68 483 576 16 A l'instar de la majorité des cours d’eau de I’est de la France, le Bez, un des principaux affluents de la Drôme, connaît une

69 498 574 15 incision généralisée de son lit et une contraction de la bande active, liés à un déficit en recharge sédimentaire. Son climat sub¬

69 511 575 15 méditerranéen de moyenne montagne, ses sols marno-calcaires, son relief escarpé et son intense occupation humaine font de son

69 522 574 16 bassin versant un milieu qui a vivement réagi lors de la période de crise érosive du 19^e siècle. Cet article montre comment I’étude

68 536 575 16 de la métamorphose d’un lit torrentiel permet de préciser le poids relatif des facteurs anthropiques et climatiques, et d’apporter

68 549 575 16 un eclairage sur la fin de la période de crise du Petit Age de Glace et sur le début d’une période de stabilisation. Les résultats de

68 562 575 17 l'étude dendrochronologique des pins sylvestes, visant à déterminer l’âge des terrasses alluviales qui se sont formées lorsque le

69 575 575 17 cours d’eau a commencé à s'inciser, mettent en évidence la précocité de l’incision en tête de bassin par rapport aux travaux RTM

68 588 575 18 et aux changements de mode d'occupation du territoire. Le reboisement et les travaux de correction ne sont pas à l’origine des

69 603 574 18 changements, mais ils ont inévitablement accéléré le processus de stabilisation des versants de montagne, la variable climatique

69 617 297 18 semblant être la principale responsable de la métamorphose du lit.

69 643 406 24 MOTS CLÉS: TORRENTIALITÉ, MÉTAMORPHOSE, PETIT AGE DE GLACE, DENDROCHRONOLOGIE, HAUT-DIOS.

69 700 60 21 ABSTRACT

67 720 502 18 FLUVIAL METAMORPHOSIS IN THE END OF XIX^e CENTURY: RESULTS OF CLIMATE CHANGES OR EFFECT OF REFORESTATION?

68 738 575 16 The Bez stream, one of the main Drome river tributaries, is characterised by an incision of its bed and a contraction of its active

69 753 573 16 channel as many rivers of the east of France. These are induced by a decrease in the bedload sediment supply. Because of its Medi¬

68 765 575 15 terranean middle mountain climate, its marl and limestone outcrops, its steep relief and also its important human activity, Bez drai¬

68 780 574 15 nage basin has been very sensttve to the XIX century erosion crisis. This paper shows the interest of the fluvial morphology study

67 791 575 16 for a better determining of the part of man and climate since the end of the little ice age and the beginning of its stabilisation. Pine

68 804 574 16 dendrochronolgy results show an early incision in alluvial terraces due to the RTM works and change in landscape occupations.

68 817 574 17 Reafforestation and other works are posterior to the beginning of the stabilisation. Nevertheless, these landscape managements

69 831 538 20 have accelerated the stabilisation process. Thus, climate proxy seems to be the main cause of the river bed metamorphose.

67 852 504 23 KEY WORDS: TORRENTIALITY, FLUVIAL METAMORPHOSIS, CHANNEL INCISION, LITTLE ICE AGE, DENDROCHRONOLGY, «HAUT DIOIS»

67 962 265 24 Collection EDYTEM - Cahiers de Géographie - n°1 - 2003

620 963 18 23 115
