3346 4921
514 360 930 71 LE TEXTE À L'ÉPREUVE DU NUMÉRIQUE

517 645 2210 65 un ensemble de services, de modèles et d’interfaces de programmation

514 729 2213 77 pour la valorisation et l’exploitation d’éditions numériques et de leurs

514 801 2213 84 données: CapiTainS. Fondé par Bridget Almas et moi-même en 2015,

511 904 2222 69 CapiTainS a été conçu comme un projet collaboratif, transdisciplinaire et

508 975 2222 83 désinstitutionnalisé^2. En fournissant des réponses aux problématiques de

514 1074 2210 74 modélisation, de communication et d’exploitation des textes, CapiTainS

514 1167 2213 71 réduit la difficulté de chacune de ces trois étapes pour des utilisateurs variés

511 1241 2213 84 (éditeurs, développeurs, chercheurs, lecteurs), dans des contextes différents

511 1328 2107 88 (hors ligne, en bibliothèque numérique, dans une exposition virtuelle)^3.

514 1517 372 87 Modéliser

705 1692 2022 68 Donner accès sous une forme numérique à des données textuelles

514 1782 2216 74 pose très rapidement la question de la modélisation: comment peut-on

517 1867 2213 71 transférer une ressource physique dans l’espace numérique? Pour répondre

511 1949 2216 74 à cette question, il faut interroger la structure que forme un texte, à la fois

511 2025 2216 88 dans ses réalisations intégrales (livres, manuscrits, inscriptions) et ses usages

514 2116 2213 90 parcellaires (la citation). Les études classiques en latin ou en grec ancien,

517 2214 2210 74 fondées sur une longue et ancienne pratique philologique, posaient ainsi

511 2290 2216 85 déjà la question de la structuration et ont proposé une normalisation relative,

514 2392 2213 71 notamment des références, au fil des siècles. On cite ainsi le chant 5, vers 1,

511 2460 2219 87 de l’Énéide de Virgile «Verg. Aen. 5.1». Il est aisé de transposer ce système

514 2564 2213 71 sur le plan numérique: sa réalisation implique deux composantes: un texte

517 2649 2210 76 hiérarchisé ou conçu comme tel, un modèle informatique permettant son

517 2742 1275 71 interprétation et a priori son identification.

705 2807 2025 90 En 1996, l’article «Refining our Notion of What Text Really Is: the

514 2900 2213 88 Problem of Overlapping Hierarchies», de Allen H. Renear, Elli Mylonas

511 3004 2216 71 et David Durand, propose de la même façon une modélisation des textes^4.

511 3075 2219 88 Cette modélisation, Ordered Hierarchy of Content Objects (OHCO), est une

517 3182 2213 65 approche très semblable aux principes des arbres et des graphes. Le texte

517 3269 2210 74 y est analysable comme un ensemble d’objets hiérarchisés: il est un arbre,

514 3357 2213 68 où chaque élément peut posséder un ou plusieurs voisins, un ou plusieurs

511 3431 2216 82 enfants, mais un seul parent. Cette approche est très similaire à la manière

511 3513 2219 106 dont les éditeurs de textes anciens fragmentent leur corpus. L'Énéide de

522 3600 2205 85 Virgile est un ensemble de nœuds de données hiérarchisés suivant l’ordre

590 3901 2137 79 2. Ce projet a été financé à l’origine par la Humboldt Chair of Digital Humanities de

514 3983 1964 68 Leipzig dans le cadre du projet Open Greek and Latin et le projet Perseids à Tufts.

596 4054 2131 68 3. Quand cela a été possible, les exemples sont tirés de corpus en cours d’édition d’un

514 4122 394 69 travail de thèse.

596 4199 2134 60 4. A. RENEAR, E. MYLONAS et D. DURAND, «Refining our Notion of What Text

517 4262 2207 73 Really Is: the Problem of Overlapping Hierarchies», 1993, <=https://www.ideals.illinois.edu/

514 4322 492 85 handle/2142/9407>.

519 4579 91 65 116
