710 1004
264 51 124 25 COMPTES RENDUS

70 265 114 19 Peter Coss (dir.)

71 281 158 19 The Moral World of the Law

70 300 242 21 Cambridge, Cambridge University Press,

72 317 195 22 «Past and Present Publications»,

70 333 90 22 2000, XI-262 p.

52 359 267 24 L’univers juridique et judiciaire construit-il

53 380 266 19 ses propres valeurs ou formalise-t-il la morale

51 396 267 19 de la société ambiante? C’est cette question

52 413 266 18 que les organisateurs d’un colloque de la presti¬

52 430 267 19 gieuse revue Past and Present avaient adressée

52 445 267 19 à une dizaine d’historiens, dont les domaines

52 461 267 21 s'étendaient de l’Antiquité grecque à l’Afrique

51 481 95 15 contemporaine.

70 489 249 24 Au-delà de son apparente simplicité, le

52 514 267 17 questionnement suggère de dépasser une

53 527 266 19 opposition têtue entre une adhésion à l’émi¬

51 546 267 16 nence transcendante de la loi (tendance repré¬

51 560 268 18 sentée de façon courante en histoire du droit)

53 578 266 17 et une description purement contextuelle de

52 595 267 16 la justice (réduction sociologique ou anthropo¬

51 609 268 18 logique de l’exercice du droit à un processus,

52 625 267 18 à une variante du contrôle social). Le titre

51 640 268 20 de l’ouvrage, Le monde moral du droit, se ré¬

51 659 268 18 fère assez précisément à un article célèbre

53 676 266 17 d’Edward P. Thompson^1, qui montrait de

51 693 268 19 façon saisissante que des processus apparem¬

51 707 268 19 ment désordonnés – des émeutes – supposent

53 723 266 19 un régime de valeurs qui s’opposaient terme

52 741 267 18 à terme à celui que produisaient des cultures

51 756 267 19 dominantes. Le propos du colloque, soigneu¬

52 772 267 21 sement balisé par Peter Coss et épilogué par

51 788 268 20 Chris Wickham, consistait donc à mesurer des

51 808 268 18 écarts ou des proximités entre les univers

52 821 267 20 moraux de la justice et de la vie ordinaire, au

52 838 267 21 plus près du monde juridique, au contact

52 855 169 19 même des parties en procès.

70 872 249 19 Cet encadrement précis ne peut empêcher,

51 887 268 19 cependant, que le résultat ne constitue une

53 907 266 20 anthologie d’études de cas, où les différents

334 268 269 17 auteurs ne se conforment pas toujours à l’en¬

334 283 270 20 semble des requêtes des organisateurs. Le

334 300 270 18 médiéviste Paul Hyams est sans doute celui

334 316 269 17 qui se tient au plus près du propos, en obser¬

335 332 269 21 vant le développement du due process dans le

334 349 269 19 droit commun européen à partir du XII^e siècle.

334 367 270 17 Le due process (ou juste procédure due à

334 380 269 21 chacun), expression anglaise du XIV^e siècle,

334 396 269 19 évoque l’ambition de donner à l’individu les

335 416 269 17 garanties d’une protection juridique fondée

335 430 268 18 sur quelques principes fondamentaux d’ins¬

334 447 270 19 truction et de jugement. P. Hyams montre

334 462 270 18 comment cette exigence se construisit à partir

334 480 270 16 du XII^e siècle par l’interaction entre le droit

334 495 269 19 romain et le droit canonique, manifestée par

334 510 269 22 certaines maximes (ou règles de droit univer¬

335 531 268 16 selles) fort répandues en des discours divers,

334 546 269 16 malgré le statut incertain de leur énonciation.

335 561 269 17 Sur l’apport des canonistes, l’auteur se réfère

334 575 269 20 aux travaux de Brian Tierney, qui voit l’émer¬

334 595 270 17 gence de la notion de droits naturels indivi¬

334 611 269 16 duels chez les premiers décrétistes, à la fin du

335 628 269 16 XII^e siècle. On pourrait ajouter que ce fut dans

334 642 270 18 le droit canonique que se construisirent les

334 659 270 19 premiers essais systématiques de rédaction de

334 676 269 17 manuels de procédure, peut-être moins en rai¬

334 691 269 18 son de l’évangélisme chrétien que de la néces¬

335 709 268 17 sité de s’armer dans les durs conflits de juri¬

335 723 268 19 diction entre les cours religieuses et laïques.

336 742 268 17 Mais à cette morale juridique de l’équité

336 756 268 21 s'oppose l’exigence de l’ordre (ordre civil qui

334 772 269 22 appelle la répression, ordre religieux qui sus¬

334 789 269 20 cite des législations d’exception contre l'hé¬

334 807 270 19 résie). Il faut savoir gré à P. Hyams d’avoir

334 824 270 17 ouvert la question importante et difficile de

334 841 269 17 la concomitance de ces deux mouvements au

335 854 268 20 XIII^e siècle: en effet, les historiens de la léga¬

334 871 269 19 lité équitable et les historiens de la répression

333 887 270 19 cultivent leurs jardins à part. Une autre origi¬

334 903 269 26 nalité de P. Hyams est de conjuguer le jus

638 899 35 32 1639
