404 640
61 33 16 16 738

183 29 55 21 12 MARS 1921

68 57 291 14 On pourra naturellement dire que nous ne réalisons pas l'équilibre

60 68 299 14 de notre budget et que nous en sommes réduits à la presse à billets. Il

60 78 300 16 convient toutefois de remarquer qu’après avoir déjà augmenté dans

61 90 299 15 une mesure importante le taux des impôts nous avons, depuis juillet

62 100 298 16 1920, porté les impôts directs de 550 millions à plus de 4 milliards

60 113 299 15 de couronnes, soit presque 8 fois plus; tandis que les impôts indi¬

60 124 300 13 rects et les monopoles passaient de un milliard et demi de couronnes

60 133 299 16 a six milliards et demi. Les droits de douane perçus sont de 70 fois

60 145 299 15 supérieurs à ce qu’ils étaicnt auparavant. Les recettes des chemins

60 156 299 14 de fer de l’État ont été accrues de un milliard trois quarts à trois mil¬

60 166 299 16 liards et demi et l'ensemble des revenus de l'État a passé de six mil¬

60 178 299 15 liards un quart à environ trente milliards, soit presque cinq fois plus.

61 189 298 15 Nous avons en outre établi une lourde taxe sur le capital dont une

60 200 299 15 première tranche de six milliards de couronnes vient d’être perçue.

60 211 299 15 Néanmoins, le dernier budget fait apparaître un déficit de 42 mil¬

60 221 299 17 liards. Ce déficit est dû principalement aux subventions que l'État est

59 233 300 16 obligé d’accorder pour réduire le prix des denrées alimentaires d’im¬

59 246 300 13 portation et cn rendre des rations, très minimes d’ailleurs, accessibles

59 255 300 15 au grand public. Ce déficit disparaitrait si les denrées alimentaires

59 267 300 14 nécessaires pouvaient être obtenues à crédit: il deviendrait alors pos¬

59 277 299 14 sible de balancer notre budget. Si nous n'étions pas obligés d’expor¬

59 290 300 14 ter des couronnes pour acheter des vivres, on verrait l’inflation moné¬

59 299 300 15 taire cesser et la dépression de la couronne s'arrêter. Ces deux résultats

59 309 300 15 obtenus, nous serions en mesure de payer les vivres dont nous aurions

59 322 300 14 besoin. Tout ministre des Finances reconnaîtra qu’il est incapable

59 332 300 16 de proportionner l'accroissement des impôts à la dépréciation de la

59 344 299 15 monnaie lorsque, dans une seule année, la monnaie tombe au quart

59 354 299 14 de sa valeur: avec une monnaie totalement dépréciée et soumise à

58 364 300 21 de grandes fluctuations, il n'y a pas de sérieuse administration finan¬

59 376 63 15 cière possible.

66 387 292 17 Mettre nos finances sur une base saine et stabiliser notre change, tel

58 400 300 16 est le problème central de notre existence économique: nous ferons

59 414 299 13 tout ce qui sera en notre pouvoir pour atteindre ee résultat; mais

59 423 299 16 on ne peut y partenir sans l'ouverture de crédits étrangers; faute de

58 434 300 14 crédits, nous succomberons à la crise dont nous traversons mainte¬

58 445 300 15 nant les phases dernières. Le Conseil suprême a toujours eu l'amabilité

58 456 300 14 de nous promettre l'élaboration d’un plan pour la restauration écono¬

58 468 300 14 mique de l'Autriche. Le plan finalement élaboré par la Commission des

58 477 300 16 Réparations, après un examen long et minutieux, n'a pas été adopté

58 489 300 15 par la conférence de Paris. Au contraire, un comité a été nommé avec

58 499 300 16 la mission d’examiner la possibilité de nous venir en aide avec des

57 511 301 15 crédits ouverts par des particuliers. Le comité, sous la présidence du

57 522 301 16 ministre français M. Loucheur, s'est efforcé d'accomplir sa tâche. Nous

58 533 299 17 croyons cependant qu’il est déjà reconnu que ce plan ne peut réussir,

57 545 301 16 cest-à-dire que l'Autriche ne peut être économiquement restaurée que

57 556 301 15 si le système proposé fait partie d’une action gouvernementale plus

57 567 300 19 étendue; c'est là un fait qui, eu égard à la situation exceptionnelle de
