1654 2339
151 98 408 56 ARCHÉOLOGIE DU MIDI MEDIÉVAL - TOME 25 2007

151 526 639 40 Fig. 6: Le caveau édifié dans la galerie orientale du cloître, vue

228 554 366 47 depuis l'ouest (Cliché A. Bergeret).

151 624 243 54 BIBLIOGRAPHIE

154 659 638 54 Bergeret. Donat 2004: BERGERET (A.) et DONAT (R.) avec

191 708 601 35 la collaboration de CHAZELLES (C.-A.), Le couvent des

191 736 601 35 Fanciscains à Perpignan: premiers résultats et

191 769 599 37 perspectives, Archéologie du Midi Médiéval, Tome 22,

187 791 189 37 2004, p.199-207.

151 827 641 37 Bruzek 1991 : BRUZEK (J.). Fiabilité des procédés de

191 860 599 37 détermination du sexe à partir de l’os coxal. Implication à

189 885 601 40 l'etude du dimorphisme sexuel de l’homme fossile, Thèse

189 918 598 39 de l'Université de Muséum d’Histoire Naturelle de Paris,

191 948 126 37 1991, 2 vol.

154 976 638 47 Bruzek 2002: BRUZEK (J.), A method for visual determination

191 1009 599 42 of sex, using tbe human hip bone, American Journal of

189 1041 508 38 Pysical Anthropology, V117, 2, 2002, p. 157-168.

151 1072 641 44 Bruzek et al. 2004: BRUZEK (J.), SCHMITT (A.) et

191 1104 599 40 MURAIL (P.), ldentification biologique individuelle en

191 1135 596 39 paléoanthropologie. Détermination du sexe et estimation de

191 1165 596 37 l’âge au décès à partir du squelette, dans O. Dutour, J.-J.

191 1195 599 37 Hublin et B. Vandermeersch (éd), Objets et méthodes en

191 1223 601 49 Paléoanthropologie, Comité des Travaux Historiques et

191 1251 389 40 Scientifiques, Paris, 2004, p. 217-246.

151 1277 639 51 Duday 1994 : DUDAY (H.), Anthropologie «de terrain»

189 1316 601 42 archéologie de la mort. La mort, passé, présent,

191 1346 538 40 conditionnel, La Roche-sur-Yon, juin 1994, p. 33-58.

151 1372 636 47 Duday 2004: DUDAY (H.), L'archéothanatologie. In: O.

189 1407 605 44 Dutour, J.-J. Hublin et B. Vandemeerseh (éd), Objets et

191 1442 599 35 méthodes en paléoanthropologie. Comité des Travaux

191 1465 536 45 Historiques et Scientifiques, Paris, 2004, p. 153-214.

151 1500 636 45 Duday 2006: DUDAY (H). Lezioni di Archeotanatologia.

189 1533 598 32 Archeologia funeraria e antopologia di campo. Rome:

191 1563 599 40 Soprintendenza Archeologica di Roma, Ecole Française de

189 1593 522 35 Rome et Ecole Pratique des Hautes Etudes, 230 p.

151 1614 639 49 Duday et al. 1990: DUDAY (H.), COURTAUD (P.), CRUBEZY

189 1652 601 39 (E.), SELLIER (P.) et TILIER (A. M.), L'anthropologie «de

189 1682 601 40 terrain» : reconnaissance et interprétation des gestes

189 1712 598 42 funéraires, Bulletins et Mémoires de la Société

186 1738 529 42 d'Anropologie de Paris, V2, n°3-4, 1990, p. 29-50.

151 1766 639 46 Duday et Sellier 1990: DUDAY (H.) et SELLIER (P.),

191 1805 599 42 L’archéologie des gestes funéraires et la taphonomie. Les

189 1836 501 35 Nouvelles de l’Archéologie, V40, 1990, p. 12-14.

151 1861 639 45 Maufras 2005: MAUFRAS (O.), Sous le square Gambetta,

191 1903 601 33 l’enclos des Cordeliers à Carcassonne, Rapport Final

191 1931 599 44 d'Opération de diagnostie archéologique, DRAC

191 1962 433 37 Languedoc-Roussillon, Montpellier, 2005.

161 2038 671 61 * Agent contractuel INRAP Méditerranée, agnieszka_koziol@hotmail.com

154 2090 626 32 ** Agent contractuel INRAP Méditerranée, patrice.wuscher@inrap.fr

154 2106 475 47 *** C.A.M.L., 5 rue de l'Olivier 11000 Carcassonne

1034 207 285 59 CÉPIE (AUDE)

1046 305 266 49 L'OCCUPATION

969 342 424 59 ANTIQUE ET MÉDIÉVALE

988 396 384 47 DU SITE DE L’HORTO :

1044 431 270 49 OBSERVATIONS

976 468 405 51 GÉOARCHÉOLOGIQUES

985 515 387 49 ET ARCHÉOLOGIQUES

874 601 603 58 Agnieszka KOZ̈IOL*, Patrice WUSCHER**,

1009 659 342 45 avec la collaboration de

995 694 365 56 Dominique BAUDRELU***

899 790 601 46 Un diagnostic archéologique de 3 hectares (projet de

860 827 640 42 lotissement) a été réalisé du 4 au 16 janvier 2006 par

862 860 638 42 l’Inrap en moyenne vallée de l’Aude, à Cépie (Aude), au

862 895 638 41 lieu dit l’Horto. La parcelle concernée est située à 500 m

857 927 643 37 environ du village actuel de Cépie, au nord de la route

860 957 640 45 D 118 reliant Carcassonne à Limoux (fig. 1). Dans un

857 992 643 35 enviromnement archéologique riche (Séjalon et al. 2001),

857 1025 643 37 cette parcelle était notamment connue pour la présence

857 1053 643 44 supposée de l’église Saint-Etienne, ancienne église

860 1090 640 40 paroissiale du village, et d’un cimetière, tous deux

860 1125 640 30 représentés sur deux plans terriers du XVIII^e siècle

860 1155 640 38 (Baudreu, Loppe 2003). Le diagnostic a permis de mettre

857 1186 643 37 ces structures au jour, au cœur d’une densité de vestiges

860 1216 640 49 antiques ct médiévaux insoupçonnée au démarrage de

860 1246 137 45 l’opération.

862 1351 384 54 ETAT DES CONNAISSANCES

857 1423 291 56 Contexte géographique

897 1479 601 45 L'Aude parcourt ici une vallée de 700 m de large,

860 1517 640 39 encaissée d’environ 150 m dans la molasse continentale

860 1551 640 38 du Lutétien (faciès conglomératiques du Tertiaire). Au

860 1579 640 40 nord de la vallée, entre la confluence avec le Sou et celle

860 1614 640 45 avec le Lauquet, ce relief a été profondément disséqué en

857 1647 643 40 croupes irrégulières par de petits cours d’eau

862 1677 638 45 intermittents. Dans ce secteur, le tracé globalement

862 1715 638 39 méridien et rectiligne de l’Aude est marqué par quelques

862 1745 641 46 inflexions majeures (fig. 1). L’organisation

862 1780 638 46 morphologique de la vallée semble montrer l'existence

857 1815 569 35 de terrasses alluviales mais reste fort mal connue.

897 1852 603 44 La parcelle investie concerne un versant orienté au

860 1889 640 38 sud et une portion de la plaine alluviale. Ce versant

860 1922 640 40 présente une pente de plus de 10% au nord, qui s'adoucit

862 1957 638 44 vers le sud. Il est irrégulier, marqué par des replats et des

79 2208 44 49 170
