406 640
169 29 54 13 2 AOÛT 1947

341 31 16 12 243

42 52 315 15 M. Murphy a convenu que ce n'était peut-être pas désirable et il a déclaré

34 65 323 15 qu’il ne s'agissait pas de calquer absolument l’organisation de l'AIlemagne

34 76 323 13 sur celle des Etats-Unis. Ceux ci veulent que les Länder conservent toute

34 88 323 12 leur personnalité et toute leur autorité et ils ont insisté dans ce sens auprès

34 99 323 13 des Anglais, mais ces derniers ont fait ressortir qu’en temps de crise, il

34 110 323 14 fallait prendre des mesures spéciales et que les communautés comme les

34 121 323 14 particuliers devaient renoncer à certaines de leurs libertés. Cette (...)^1 que

34 132 323 13 consacre l'organisation du Conseil économique et du Comité exécutif,

34 142 323 14 n'est que provisoire dans l'esprit des Américains comme dans celui des

34 154 323 13 Anglais. Il s'agit, en réalité, de surmonter une période difficile et pas du

35 165 322 13 tout de préjuger l’organisation future de l’Allemagne. M. Murphy a admis

34 176 323 14 toutefois la remarque que je lui faisais qu’il y avait quelque inconvénient

34 188 323 13 à restreindre « provisoirement » la liberté des Länder avant même que

34 198 323 14 ceux-ci aient pris l'habitude de la liberté. Mais il a conclu que le souci

34 210 323 15 de supprimer le plus tôt possible les charges qu’impose l’Allemagne au

35 222 322 11 contribuable américain dominait toutes les autres préoccupations de ses

34 233 323 14 compatriotes : « Je sais bien, m’a-t-il dit, que l’économique entraîne la

34 244 323 14 politique, mais nos préférences politiques passent pour le moment après les

34 253 323 15 nécessités économiques. L'Amérique veut que l’Allemagne se suffise le plus

35 266 322 16 tôt possible à elle-même et qu’elle exporte pour être à même de rembourser

35 276 124 14 le contribuable américain».

42 287 315 17 Comme je lui demandais quelle place gardaient encore dans une telle

34 302 323 13 déclaration les réparations, il m’a répondu: « Nous ne sommes pas contre

34 313 323 15 les réparations. Si nous sommes pressés de déterminer un plan du niveau

34 324 323 15 de l’industrie, c'est précisément pour pouvoir fixer ce qu’il sera possible

34 334 323 15 d’affecter aux réparations. Mais nous sommes bien décidés à ce que ce ne

35 346 322 16 soit plus le contribuable américain qui finance les réparations comme ce

34 357 137 20 fut le cas après l'autre guerre ».

266 371 90 24 (Secrétariat général)

184 413 25 21 108

35 436 218 19 M. MONS, RÉSIDENT GÉNÉRAL DE FRANCE À TUNIS,

55 452 223 14 A M. BIDAULT, MINISTRE DES AFFAIRES ÉTRANGÈRES.

35 467 13 24 D.

272 468 85 22 Tunis, 2 août 1947.

42 492 315 19 La situation politique en Tunisie a été influencée ces derniers jours, par

34 509 324 14 la discussion du projet de statut de l'Algérie devant le Parlement français

34 519 323 16 et par le discours du général Juin à Port-Lyautey, en même temps que se

34 531 322 15 faisaient sentir encore, les répercussions des incidents de Sfax et que se

34 541 233 21 poursuivaient les débuts dificiles du ministère Kaak.

51 577 45 17 Mot illisible.
