400 640
48 36 16 14 302

169 36 72 14 25 FÉVRIER 1972

55 69 309 14 M. Aklilou en est ensuite venu aux problèmes politiques. Confirmant

46 80 319 14 en tout point les propos de M. Minasse Haile, il a insisté à son tour sur

46 91 319 14 l’inquiétude que faisait naître l'aide apportée par les Soviétiques à divers

46 102 318 14 pays arabes. Au-delà même des vues stratégiques propres à l'Union sovié¬

46 113 318 17 tique, ces pays pouvaient se trouver, du fait de l'aide ainsi reçue, encouragés

46 125 163 14 à des actions hostiles contre son pays.

54 132 310 20 Le Scerétaire d’État a alors exposé les principes qui guident notre poli¬

46 148 318 14 tique d’amitié avec le monde arabe. Notre but était précisément, a-t-il

46 159 318 14 souligné, de ne pas laisser les pays arabes en tête-à-tête avec Moscou, sans

46 170 318 14 amitiés occidentales. Ainsi notre politique à l'égard du monde arabe répon¬

46 181 319 13 dait-elle aux préoccupations de l’Éthiopie. M. Aklilou s'en est félicité et il a

46 195 319 12 observé que son gouvernement approuvait pleinement, par exemple, nos

46 203 318 14 efforts en vue d’apaiser le différend entre le Tchad et la Libye. « Mais était-

46 213 311 17 il possible de prévoir ce que ce Kadhafi était capable d’entreprendre? ».

54 228 311 13 s'agissant de Djibouti, le Premier ministre ne pouvait manquer de

46 237 318 15 reprendre les arguments de son ministre des Affaires étrangères.

46 249 319 14 M. Bourges lui a confirmé que nos vues sur ces problèmes s'accordaient

46 260 319 14 parfaitement avec celles des responsables éthiopiens et lui a indiqué quel

46 270 319 15 nous étions tout disposés à mener à bien, en commun, des réalisations

46 282 319 15 industrielles dans le TFAl. Le Secrétaire d’État entendait ainsi faciliter la

45 294 319 13 négociation que poursuit cette ambassade au sujet de la construction d'une

46 304 222 16 raffinerie de pétrole franco-éthiopienne à Djibouti.

53 317 312 12 Au moment où M. Bourges prenait congé de lui, M.Aklilou a évoqué la

46 327 318 15 possibilité pour l'Empereur de rencontrer M. le Président de la République

45 338 319 16 lors d’un voyage en Europe au mois de juin. J'en ai rendu compte par télé¬

46 349 72 20 gramme séparé.

164 364 199 18 (Afrique-Levant. Afrique 1971-1972, Éthiopie,

106 376 258 19 Relations avec Ia France, Généralités, Et-6. 1, 47QONT/63)

193 412 26 15 109

47 430 283 19 M. SEYDOUX DE CLAUSONNE, AMBASSADEUR DE FRANCE A MOSCOU.

65 446 235 13 A M. SCHUMANN, MINISTRE DES AFFAIRES ETRANGERES.

47 460 82 22 T. n^os 1358 à 1367.

254 459 109 23 Moscou. 25 février 1972.

54 480 44 17 Réservé.

303 480 60 18 (Reçu: 16 h. 21)

54 500 193 15 Entretien de M.Alphand avec M.Gromyko

54 517 310 17 À l'occasion de l'entretien que M. Alphand a eu le 25 février avec

46 531 319 15 M. Gomyko, le ministre des Affaires étrangères soviétique a tout d’abord

46 544 318 13 exprimé le désir de saoir comment l'on voyait, du côté français, l'évolution

46 554 319 14 de la situation en Europe. M. Alphand a rappelé, comme il l'avait fait la

46 564 318 22 veille devant M. Kovalev (mon télégramme n° 1287)^1, que les vues et les

61 587 54 21 Non reproduit.
