1024 1398
499 195 64 24 — 4 —

269 239 526 32 filles qui leu passent chèle gobe tros quatre fois

269 265 357 34 par jour, je vorroye ben vir cha !

291 293 504 34 Si ch’est vray, cha prouve que le bon Diu n’a

269 322 527 34 pont volu retirer tout d’eun coup les vartus natu¬

268 353 526 29 relles qu’il a mis den tout chou qu’il nous a donné,

268 377 528 32 et, den tous les cas, forroit être avule pour ne

268 406 528 32 pont vir la deden eune avertanche d’avoir à ne

268 431 527 38 pont faire comme ches pourcheüs, toujours les

269 465 527 29 quate pattes den l’euge, et qu’il gny a du bon à

270 489 461 34 faire caresme comme on nous l’a ordonné.

291 518 505 33 Chou qu’il gny a de çartain, ch’est que tant pus

268 543 529 37 qu’il gny avoit de moynes à Saint-Wulmer, et

268 573 529 32 tant pus qu’il estoytent rétus et gens à ne pont

269 602 526 33 s’endormir à matines, tant pus que chèle fontaine

268 633 527 27 al avoit de povoir; cha qui prouve ben que le

270 654 493 36 prière en commun al est agriabe au Seigneur.

292 685 502 28 Aussi, du temps que che moutier il prospéroit,

268 709 527 36 on venoit de vingt liues alentour pour vir eun

268 740 526 30 çartain miraque qui se répétoit tous les ans : Le

268 767 528 33 jour de l’Invention de le Sainte-Croix, au moment

269 796 527 32 que chèle procession al se mettoit en route, on

269 827 527 28 véyoit eune bique et sen biquot qui déboquoitent

268 849 528 35 de ches bos et qu’il alloytent devant tout pian¬

268 878 527 33 pian. Au moment de rentrer, che biquot il se

268 903 526 37 sauvoit, mais chèle bique al frouchoit den l’Ab¬

268 932 526 34 baye et al se laichoit prende ; adonc on le tuoit,

269 960 525 35 et tous ches pauvres gens il nen mengeoitent.

269 989 528 32 Ch’est rapport à cha qu’on appelle toudis ches

270 1016 527 34 Samériens des maqueüs de bique, et qu’on véïoit

269 1046 526 30 den les armes de l’Abbaye eun machaque de cerf

268 1071 526 41 aveu les tros tourteaux du Comté de Boulongne

270 1106 289 33 et deüs croches en sautois.
