759 1200
165 137 45 36 124

277 145 289 28 DÉMOCRATIE ET SOCIOCRATIE

166 186 510 35 cal, sont les plus sots de la bande, puisqu’ils

166 214 512 30 le sont avec connaissance, au lieu qu’on peut

165 240 512 32 penser des autres qu’ils ne le seraient plus

166 263 390 37 s'ils avaient cette connaissance. »

193 291 483 34 Tous, ils adjurent, ils somment les gou¬

166 319 510 29 vernants de décréter ceci ou cela, des changes

164 345 512 28 plus favorables au franc, la baisse générale

166 368 511 33 des prix, et particulièrement pour les ali

164 394 513 34 ments et les loyers. Pardonnez-leur, Ordon¬

164 420 513 34 nateur des choses, Sagesse suprême ! Ils ne

165 446 477 32 savent ce qu’ils disent ni ce qu’ils font...

188 473 489 31 Cette action, d’ailleurs, le plus souvent, se

164 496 514 36 borne aux discours. Si quelque ministre

165 525 512 31 réformateur — l’espèce la plus calamiteuse

178 549 498 33 — cède à la clameur populaire et s’avise

164 572 512 34 d’intervenir, le résultat ne se fait pas

165 599 512 33 attendre : le marché se vide et en consé¬

164 626 513 40 quence — heureusement — les prix s’élèvent

164 653 108 33 aussitôt.

188 674 490 34 C’est un don du ciel que les désirs de la

164 702 512 33 démocratie soient incompossibles et que, dans

164 728 513 36 le social comme dans le physique, la part de

165 756 511 32 la fatalité soit infiniment plus décisive que

165 780 430 30 celle de la modificabilité incohérente.

190 806 487 32 Parmi les nombreux prédicateurs de la

164 832 512 34 croisade contre la vie chère, il y a ceux qui

164 858 512 32 se contentent d’un vibrant appel aux bons

165 886 513 29 sentiments du paysan et au patriotisme du

165 910 511 30 boutiquier. Ce sont, en général, les ministres

165 936 512 30 en exercice. Dans son discours de Brive, du

166 960 511 34 24 août 1924, M. Raynaldy, ministre du

165 991 510 31 Commerce, nous en fournissait cet échan¬

164 1015 88 33 tillon :
