710 1051
184 252 329 30 L’application aux gouvernements

158 284 380 31 et administrations régionaux et locaux

139 315 420 25 de l’Accord général sur les tarifs douaniers

142 340 413 30 et le commerce et des accords et décisions

108 370 495 32 issus des négociations commerciales multilatérales

259 419 183 32 A.L.C. De MESTRAL*

125 514 482 24 L'Accord général sur les tarifs douaniers et le commerce^1 (G.A.T.T.).

94 536 514 21 est une institution profondément marquée par un esprit pragmatique.

93 554 515 24 La lettre de l’Accord général est une chose; souvent la réalité en est une

94 576 515 21 autre. Les problèmes d’une époque s’estompent avec les années et cèdent

93 594 515 24 la place à d’autres préoccupations issues du contexte changeant du

94 619 514 18 commerce international. Il en est ainsi en ce qui concerne l’application

94 635 514 23 des accords du G.A.T.T. aux gouvernements et administrations régionaux.

94 655 514 21 et locaux canadiens. En 1947, lors de la conclusion de l’Accord général,

93 674 515 24 les négociateurs se souciaient peu de l’impact des États constituants des

93 694 515 24 fédérations sur le commerce international. Leur première préoccupation

93 714 515 24 était de baisser les tarifs douaniers et d’abolir le recours aux restrictions

93 735 515 22 quantitatives. Vingt-six ans plus tard, au moment de l’adoption de la

94 757 515 20 déclaration de Tokyo, les barrières non tarifaires étant la principale

93 776 515 23 préoccupation des Parties contractantes, l’application de l’Accord général

94 798 515 20 aux gouvernements régionaux et locaux constituait un problème pratique

92 815 516 24 dont il fallait tenir compte au cours de la négociation des futurs accords

94 836 514 22 traitant des barrières non tarifaires. Aujourd’hui et pour les années à

111 908 313 30 * Professeur à la Faculté de droit. Université McGill.

102 933 417 29 1. G.A.T.T.I.B.D.D., v. IV. p. 1 [ci-après dénommé l’Accord général].
