710 1007
88 123 569 31 LES PUBLICATIONS DE LA SOCIETE D'ETHNOGRAPHIE

115 219 458 23 Informations recueillies par Britta RUPP-EISENREICH

121 325 521 21 Cet ensemble de publications se veut autonome ; il cherche

79 343 546 20 à échapper aux contraintes qui pèsent sur l'insertion du pro¬

78 362 546 24 duit scientifique dans la chaîne de commercialisation du sec¬

79 387 538 23 teur privé. Le tirage peut ne pas différer de celui de beau¬

79 411 530 23 coup d'éditeurs particuliers (1.000 à 2.000 exemplaires) et

80 435 562 24 s'appuie, comme souvent ceux-ci, sur des subventions consenties

78 457 564 23 par le secteur public. Solidement amarré à l'ensemble des cher¬

78 477 548 21 cheurs d'un laboratoire et d'une unité d'enseignement, il sé¬

80 499 563 22 lectionne les ouvrages retenus pour publication selon les voies

80 523 512 23 de la communication inter-professionnelle de façon quasi-

83 546 545 25 "naturelle", par entente préalable; la réécriture des thèses

80 568 563 26 et l'adaptation de l'appareil bibliographique sont suscitées, si

80 591 563 20 besoin est, par les directeurs de collection ; un service tech¬

80 612 556 23 nique veille à la qualité des dessins, des tableaux et des il¬

81 635 547 23 lustrations (noir et blanc général, mais la quadrichromie, si

81 660 562 23 les finances le permettent, n'est pas exclue). Les responsables

81 683 529 24 souhaitent que les manuscrits ne dépassent pas 300 pages et

80 703 546 24 éditent volontiers des textes moins volumineux - mais la qua¬

82 722 219 28 lite prime à leurs yeux.

126 756 490 22 Ces publications comportent les collections suivantes :

86 783 542 28 Mémoires de la Société d'Ethnographie. Collection fondée en

102 811 526 23 1859. Dernier volume, le n° XXVI, "Les chasseurs-cueilleurs

100 829 430 26 ou l'origine des inégalités", d'A. Testart, 1982.

87 860 541 22 . Les Recherches thématiques accueillent des études pluridis¬

101 883 535 24 ciplinaires souvent conduites en collaboration avec d'autres

340 940 20 22 46
