870 1200
244 138 308 24 League of Nations — Treaty Series.

715 136 30 30 395

49 182 339 29 'exportation des capitaux ou du change de

43 204 347 22 réglementations afférentes au dédouanement,

43 220 345 20 à la mise en circulation ou à la consommation,

45 237 343 21 se trouvaient retenus dans les entrepôts ou à

44 249 344 23 la frontière portugaise, à la date du 1^er juin 1920,

43 267 347 20 ainsi que de tous les produits ou marchandises

43 282 347 23 livrables en vertu de contrats conclus avant le

42 300 347 21 décret portugais du 14 février 1920, relatif à la

43 316 347 28 prohibition ou au contingentement de certaines

42 332 106 29 marchandises.

59 368 162 39 PARIS, le 8 juin 1920.

140 407 234 33 Pour le Gouvernement Français:

214 432 104 30 AUG. ISAAC.

138 460 250 36 Pour le Gouvernement Portugais :

189 490 153 34 XAVIER DA SILVA.

42 517 142 39 Certifié conforme :

97 552 93 28 Le Directeur

44 572 208 30 des Accords Commerciaux et

43 597 207 27 de l'Information Economique,

68 617 148 44 (Signé) D. SERRUYS.

408 184 340 27 the export of stocks, or of alterations in the

404 203 344 21 regulations for removing goods from the control

403 219 345 20 of the customs—either with a view to their

404 236 344 20 transport or consumption–may be detained in

404 251 344 21 the customs-warehouses or at the Portuguese

404 266 344 23 frontier on June 1st 1920 ; and also of all the

404 282 344 24 products or merchandise which are due to be

404 302 344 17 delivered according to contracts made prior

403 314 344 24 to the Portuguese decree of February 14th.

404 332 343 23 1920, concerning the prohibition or rationing

404 349 298 23 (contingentement) of certain merchandise.

420 371 157 38 PARIS, June 8, 1920.

528 406 204 33 For the French Government:

578 432 105 29 AUG. ISAAC.

516 462 232 31 For the Portuguese Government :

557 484 152 35 XAVIER DA SILVA.

403 524 148 38 Certified true copy:

434 552 240 28 Director of commercial agreements

452 576 206 39 and of economic information,

470 606 145 42 (Signé) D. SERRUYS

45 118 43 45 1920
