710 971
236 186 243 31 INDEX DES TABAQÃT^(1)

296 220 128 30 DE SHA'RÃNI

145 251 426 32 (POUR LA FIN DU IX^e ET LE DÉBUT DU X^e S. H.)

345 283 27 22 PAR

315 306 87 24 J.-C. GARCIN

130 345 469 23 Sha'rãni est l’homme d’un passage: il a vécu la fin de la domination des sultans

117 365 482 21 Mamluks et le début de l’occupation ottomane^(2). Né en 897 H./1491 J.-C., sous

117 385 482 20 le règne de Qaitbay et venu au Caire en 911 H./1505 J.-C., il a vingt-cinq ans en

117 403 481 23 922 H./1516 J.-C. lors de la chute du Caire^(3); il assiste au premier demi-siècle

116 424 483 22 de domination turque. Il a vu se parfaire le Caire de Maqrizi; désormais, le décor

116 443 482 23 architectural ne change plus guère, du moins dans les populeux quartiers de la

116 463 482 21 Ghauriyya et de Bain al Qasraïn^(4). L’armature intellectuelle et spirituelle non plus

117 485 481 21 ne change plus. Le cadre est prêt où sous contrôle ottoman, fonctionne jusqu’au

127 521 221 24 ^(1) on sait qu’on nomme Tabaqât des

115 538 234 21 ensembles de biographies de personnages qui

115 555 235 17 s’illustrèrent dans un domaine quelconque:

115 569 235 20 poètes, médecins, juristes etc. Cf. LANE,

115 584 234 21 Arabic-English Lexicon, t. I, p. 1827,

116 599 233 19 (Londres, 1874). On a traduit l’arabe

117 615 233 18 Tabaqât par le latin classes : classes (DE SLANE),

115 631 234 19 générations. Un livre de Tabaqât peut suivre

117 647 233 19 l’ordre chronologique, parfois approximati¬

116 662 233 17 vement, comme les Tabaqât de SHA'RÃNI que

116 680 234 14 nous allons présenter ici; à l’intérieur des

115 691 234 22 partitions chronologiques générales on peut

116 708 231 18 aussi rencontrer l’ordre alphabétique (cf.

115 722 232 20 les Tabaqât de MENAWI, Manuscrit n° 259

115 737 234 18 tárikh à la Bibliothèque Nationale du Caire).

128 753 221 20 ^(2) Sur Sha'rãni, voir Encyclopédie de l’Is¬

115 771 234 18 lam (1^re éd.), t. IV, p. 329. On pourra y

115 784 232 18 ajouter deux petits ouvrages en arabe :

116 798 234 24 ash Sha'rani imâm at-tasawuf fi 'asrihi, du

365 521 232 23 docteur TAWFIK AT-TAWIL (Le Caire, 1945) ;

365 539 233 20 et : ash-Sha'rani wa-l-Tasawuf al islami de

366 554 232 19 TAHA 'ABD AL BAQI SORÛR (Le Caire, 1952).

366 570 232 20 Voir aussi in A. J. ARBERRY, Le soufisme

366 584 232 21 (cahiers du Sud, 1952) le passage consacré

365 603 134 16 à Sha'rani, p. 114 sqq.

377 615 221 19 ^(3) Voir dans le supplément aux grandes

366 630 232 20 Tabaqât la biographie du sheikh Nasir ad¬

365 645 87 19 Din at-Tabalawi.

376 659 222 23 ^(4) Sur l'histoire de l'Egypte Mamlouke,

364 676 234 19 voir G. WIET, L’Egypte arabe de la conquête

363 692 235 20 arabe à la conquête ottomane, t. IV de l'histoire

364 707 233 20 de la Nation Egyptienne de G. Hanotaux,

364 725 233 17 Paris 1937. Sur l’évolution du cadre urbain,

365 738 233 18 CLERGET, Le Caire, étude de géographie et d’his¬

363 755 234 16 toire économique, Le Caire 1934, t. I, 2° partie,

364 769 233 18 surtout le chapitre IV et, sur le cadre monu¬

365 787 233 20 mental, WIET et HAUTECŒUR, Les Mosquées du

362 798 101 20 Caire, Paris 1932.
