429 640
110 83 9 17 14

198 85 60 20 INTRODUCTION

106 100 245 22 dises, et que rien ne s'y oppose en ce qui concerne les

106 118 150 18 prescriptions fiscales ou de police.

113 131 239 19 6. Les marchandises dont le chargement et le déchar¬

105 147 247 15 gement, selon les règlements en vigueur, sont effectués,

105 162 247 16 par l’expéditeur et le destinataire, doivent être accompa¬

105 174 247 20 gnées de lettres de voiture spéciales ne comprenant pas

104 190 73 18 d'autres objets.

111 204 240 17 7. Le bureau expéditeur pourra exiger qu’il soit dressé

105 219 247 21 une lettre de voiture spéciale pour chaque wagon com¬

103 232 26 18 plet.

114 243 237 22 8. Il est permis d’insérer dans la lettre de voiture,

106 261 245 19 mais à titre de simple information et sans qu’il en résulte

104 275 247 24 ni obligation, ni responsabilité pour le chemin de fer,

105 290 110 18 les mentions suivantes:

113 303 86 19 « Envoi de N. N. »

113 318 102 17 « Par ordre de N. N. »

114 332 126 18 « A la disposition de N. N. »

113 348 142 18 « Pour être réexpédié à N. N. .»

114 363 123 15 «Assuré auprès de N. N. »

111 373 239 21 9. Ces mentions ne peuvent s'appliquer qu’à l'ensem¬

104 390 246 21 ble de l'expédition et doivent être insérées au bas du

105 405 126 21 verso de la lettre de voiture.

218 427 16 21 §3.

167 443 120 23 (ART. 7 de la Convention.)

113 460 237 22 I. Lorsque des marchandises désignées au 4° du para¬

104 476 246 20 graphe 1° et dans l'Annexe 1 auront été remises au trans¬

104 492 246 27 port avec une déclaration inexacte on incomplète, ou que
