710 1006
302 30 55 27 1. – 13 –

54 67 185 24 L'INFORMATION.

57 91 604 24 A/ Nous proposons ici une liste de bulletins, revues, périodiques susceptibles de

57 107 539 19 contenir des articles (ou, plus généralement, des renseignements) utiles à

57 122 583 19 l'historien utilisateur de l'informatique. Nous avons volontairement exclu de ce

57 138 564 16 panorama toute publication de caractère exclusivement théorique ; pour chaque

56 152 591 17 élèment de la liste nous donnons l’adresse du responsable (ou de l'un des respon¬

57 164 192 22 sables) de la publication.

58 186 575 25 1) signalons en tout premier lieu, parce que la revue intéresse spécialement le

77 203 90 15 médiéviste :

77 211 345 26 Computers and Medieval Data Processing (CAMDAP)

77 227 578 22 c/o M. Ie Professeur Serge Lusignan — Institut d'études médiévales -Université

77 244 541 20 de Montréal - C.P. 6128, Succursale "A" -MONTREAL, P.Q. H3C 3J7 - Canada.

77 259 599 20 ce bulletin contient, entre autres, un recensement périodique à l'échelle mondiale

78 273 583 23 de tous les projets en cours dans le domaine "Informatique et Moyen-Age", et une

77 287 409 22 bibliographie très détaillée sur le même sujet. Gratuit.

57 307 186 19 2) ACM SIGLASH Newsletter

77 321 554 24 c/o Mrs. Christine Montgomery - Operating Systems, Inc., 21031 Ventura Bvld.

78 338 263 20 - WOODLAND HILLS, Ca. 93164 - U.S.A.

78 354 597 23 Le SIGLASH est le "Special Interest Group for Language Analysis and Studies in the

77 369 444 22 Humanities" de l’ACM ("Association for Computing Machinery").

58 387 85 22 3) ARITHMOI

77 402 569 22 c/o Professor Richard E. Whitaker - Central College - PELLA, Iowa 50219 U.S.A.

77 419 589 22 Lancé par le Prof. Whitaker comme équivalent pour les études bibliques de Calculi

78 438 553 21 ou de CAMDAP (voir plus bas), il semble avoir cessé de paraître ces derniers

78 447 113 20 temps. Gratui t.

57 467 173 22 4) Bulletin of the ALLC

78 483 568 23 c/o Mrs. Susan M. Hockey - Oxford University Comput ing Laboratory - 19 Banbury

77 499 178 21 Road - OXFORD - England.

77 513 568 24 Revue éditée par l'ALLC ("Association for Literary and Linguistic Computing'").

57 529 77 25 5) CALCULI

77 548 583 23 c/o Professor Stephen V.F. Waite - Kiewit Computation Center - Dartmouth College

78 563 283 21 - HANOVER, New Hampshire 03755 - U.S.A.

77 579 555 22 Bulletin d'information dédié principalement aux applications des ordinateurs

77 598 265 21 dans les études classiques. Gratuit.

57 613 230 21 6) Computers and the Humanities

77 628 568 22 c/o Professor Joseph Raben - Queens college of the city University of New York

79 645 254 20 - FLUSHING, New York 11367 - U.S.A.

78 659 561 23 Il s'agit de la revue la plus connue et, peut-être, la plus prestigieuse dans

77 675 349 24 le domaine "Informatique et Science de l'Homme'".

57 693 157 24 7) Historical Methods

76 706 569 24 c/o Professor Reginald Baker - University of Pittsburgh - Faculty of Arts and

77 725 481 20 Sciences - Department of History - PITTSBURGH, P. a. 15260 - U.S.A.

77 741 519 17 ce bulletin s’est transformé de simple bulletin de liaison en véritable

78 755 553 24 revue largement ouverte aux problèmes et aux méthodes concernant l’emploi de

78 772 200 15 l'informatique en histoire.

56 787 180 21 8) Informatica e diritto

76 803 575 23 c/o Dr. Costantino Ciampi - Istituto per la Documentazione Giuridica del C.N.R.

78 821 363 17 - Via Panciatichi, 56/16 - 50127 FIRENZE - Italia.

76 836 547 20 La revue accepte toute contribution du type "Informatique et Traitement des

77 850 61 16 textes".

56 867 273 23 9) Informatie Nederlandse Lexicologie

77 882 494 25 c/o Dr. Félicien de TolIenaere - Beatrixlaan 7 - WARMOND - Pays-Bas.

57 902 272 21 10) Informatique et Sciences Humaines

77 916 539 31 c/o M. Philippe Cibois — CNRS — LISH - 54, boulevard Raspail - 75270 PARIS

76 933 64 21 Cedex O6
