710 1126
128 95 384 35 REVUE GÉOGRAPHlOUE DE L'EST- NUMÉRO 1 - 1961

56 177 264 33 L'ACTIVITÉ DES INSTITUTS

67 260 506 30 RECHERCHES SUR LA GÉOGRAPHIE DE L’ALSACE

80 322 503 28 Le Laboratoire de recherches régionales du Centre de Géographie

55 347 528 20 appliquée (Faculté des Lettres de Strasbourg) cherche à être le carre¬

56 366 527 20 four où s’élaborent et aboutissent la plupart des recherches de géogra¬

56 380 526 24 phie humaine concernant la région. C’est là aussi que sont centralisées

56 399 526 20 toutes les préparations de cartes destinées à l’Atlas de la France de

55 414 527 23 l’Est, en cours de publication. C’est là, enfin, que s’adressent les orga¬

55 435 527 21 nismes d’action économique et d’aménagement du territoire, lorsqu’ils

55 449 527 22 ont besoin d’une étude préalable à la prise d’une décision. Le Labo¬

55 468 527 22 ratoire est donc à la fois une sorte de bureau d’études et un centre

55 483 526 23 de documentation dont la richesse ne cesse de s’accroître. Les sémi¬

54 504 528 18 naires hebdomadaires qu’il organise rassemblent, à propos des enquêtes

55 519 526 27 en cours, les chercheurs et les utilisateurs de ces recherches, en des

55 539 182 22 discussions fructueuses.

80 550 501 26 La plupart des travaux que nous citons ci-dessous ont été faits ou

53 573 528 21 se poursuivent en liaison plus ou moins directe avec le Laboratoire.

55 611 248 23 1. — Thèses de doctorat d'État

79 635 503 26 Plusieurs thèses en cours de préparation promettent de compléter

54 655 528 22 sur divers points importants celles d’E. Juillard (1952) sur la vie

54 673 528 25 rurale et celle de M. Rochefort (1958) sur l’organisation urbaine de

53 692 69 21 l’Alsace.

81 707 501 24 Jean-Paul Fuchs travaille depuis plusieurs années sur les industries

53 723 529 23 textiles de l’Est. Il a déjà rassemblé de nombreux matériaux

53 741 528 22 et publié des enquêtes sur la vallée de Munster, qui avait fait

53 758 528 23 l’objet de son diplôme. Plus qu’aux aspects techniques, il s’attachera

53 778 528 21 aux problèmes humains, en replaçant les activités textiles dans leur

53 795 528 23 milieu géographique et en abordant les problèmes propres à ce type

54 814 394 19 d’industries si souvent engagées en pleine vie rurale.

78 827 503 23 André Traband a entrepris une comparaison approfondie entre les

53 845 528 22 régions de Mannheim-Ludwigshafen et de Strasbourg. Deux régions

53 863 528 22 qui, voici cent ans, se ressemblaient fort et dont les contextes politiques

53 881 529 21 et économiques différents ont, depuis lors, accusé les contrastes. De

53 898 529 20 nombreux séjours en Allemagne lui ont déjà permis de réunir une

53 914 528 23 importante documentation dont il a déjà pu mettre une partie à la

53 932 528 23 disposition du ministère de la Construction qui lui avait demandé

54 953 306 24 une étude comparative avec Strasbourg.
