710 1213
159 388 335 39 UTRUM RISERIT DANTES?

329 522 256 33 Et citus a gravibus fit transitus

326 548 94 28 ad leviora"

327 572 259 31 Marbode de Rennes, De apto

327 597 125 29 genere scribendi

327 619 200 35 F.L. Migne, 171, 1693 B.

331 670 254 29 "ché voler ciò udire è bassa

330 696 59 32 voglia"

352 721 117 33 Inf XXX. 148

136 803 451 33 Verba vana aut risui apta non loqui: c’est par cette

64 834 521 32 injonction tirée de la sévère règle bénédictine que Jorge

64 866 522 30 de Burgos le patriarche aveugle et terrible du roman

64 894 523 29 d’Eco Le nom de la rose, interrompt d’une façon sinistre et

64 923 523 32 qui, si on se réfère à la typologie du roman noir que le

63 955 524 24 cinéma et une certaine littérature populaire nous ont

64 980 523 31 rendue familière, est lourde de menaces pour l’avenir, la

66 1011 521 32 première des trois séquences du roman (triple itération
