3098 4670
2306 513 358 96 Lucia Re

1559 897 1110 99 Per una lettura testualista

1634 1014 1033 106 del corpus dannunziano

1748 1237 932 68 Chi mai oggi o nei secoli dei secoli,

1382 1315 1298 75 potrà dire quel che di me ho io voluto nascondere?

2093 1390 576 81 (Libro segreto 2:918)

508 1660 1160 86 1. D'Annunzio e la critica smascherante.

500 1855 2167 72 Rileggere D’Annunzio oggi vuol dire innanzitutto affrontare il problema

376 1922 2275 88 della suaWirkungsgeschichte (la “storia degli effetti”), cioè delle “mutazioni”

378 2026 2286 67 che il corpus dannunziano ha subito con il passare del tempo, soprattutto

381 2109 2283 70 attraverso gli interventi della critica. Un testo letterario, infatti, ci giunge ed è

378 2179 2289 80 fruibile attraverso una serie di mediazioni interpretative e di inquadramenti

376 2262 2291 83 contestuali che modificano il senso del testo stesso, il suo modo di parlarci e di

378 2342 2289 83 significare: l’interpretazione di un’opera ha luogo inevitabilmente in un territorio

381 2425 2283 89 già “compromesso” dalla fortuna dell’opera stessa.^1 Nella storia della critica e

384 2521 2288 68 nella Mirkungsgeschichte dannunziana è riscontrabile una tendenza allo

391 2586 2276 81 “gmascheramento” che accomuna pratiche critiche assai diverse, da quella

381 2672 2283 83 crociana, alle analisi di tipo sociologico, marxista, gramsciano o psicologista.

381 2763 2286 75 L’istanza smascherante, presupponendo una nozione negativa o peggiorativa di

381 2835 2288 83 tutto ciò che è “retorica”, cioè “mistificazione della realtà”, si esprime nel

381 2929 2288 72 tentativo di ricondurre la retorica dannunziana, le sue configurazioni stilistiche

396 3004 2273 83 “superficiali”, a delle cause o motivazioni “profonde”, siano esse di carattere

381 3084 2286 94 psico-estetico, sociologico, ideologico, politico o anche patologico. Testi

396 3175 2271 81 “esemplari” dei vari orientamenti della critica “smascherante” negli ultimi

386 3266 2283 75 vent’anni possono essere considerati gli studi dannunziani di Salinari, Luti,

381 3341 2283 83 Jacomuzzi, Roda e, nel campo degli studi storico-biografici, il D’Annunzio di

384 3435 2285 77 Paolo Alatri. Il corpus dannunziano insomma, ci viene generalmente presentato

381 3510 2291 80 dalla critica come sintomo di un certo stato di cose, per cui la sua retorica

389 3608 2283 70 sarebbe una (spesso splendida) serie di mistificazioni di cui il critico intende

384 3676 2285 91 mettere a nudo i referenti “veri”, o la sostanza dietro al velo, il volto dietro la

386 3782 306 68 maschera.

508 3865 2161 73 Per complesse ragioni storico-ideologiche la critica “smascherante” è

384 3943 2288 83 rimasta in genere ancorata a una nozione implicitamente riduttiva del discorso

386 4036 2286 78 letterario. All’istanza diffusa dello smascheramento, al tentativo di demistificare
