1024 1551
486 125 80 41 – 6 –

236 217 238 38 Domenica, 12 ottobre.

364 268 331 44 Festa degli Italiani

190 323 681 47 al santuario di N.-D. de la Consolation

626 378 210 43 Costebelle, Hyères.

213 449 660 36 Gli Italiani, che da qualche tempo sono nel Var, conoscono

192 480 682 34 molto bene la gentile cittadina di Hyères, che per la cortesia

193 503 681 34 dei suoi abitanti e per la dolcezza del suo clima, è giustamente

193 529 680 34 rinomata come una tra le più belle stazioni climatiche del mez¬

192 554 682 36 zodi della Francia, meta di amene passeggiate e di gite sportive.

218 581 657 33 Vicino a Hyeres, in regione Costebelle sulla collina ombrosa

193 607 682 40 si eleva un devoto Santuario dedicato a Nostra Signora della

193 635 150 31 Consolazione.

217 658 660 33 A questo devoto Santuario, dal quale la Vergine Santa si

194 690 682 33 compiace spargere le sue grazie ed i suoi aiuti, accorrono devoti

194 713 262 35 i Fedeli dei vicini paesi.

218 738 659 35 Nel mese di Ottobre, consecrato in modo particolare allla

196 768 680 29 SS. Vergine, invocata al titolo del Santo Rosario, è cosa bella

195 791 681 31 andare al Santuario della Madonna per testimoniarle la nostra

195 816 682 37 devozione, ringraziarla degli aiuti a noi concessi nel corso di

196 845 681 33 questo anno, che volge al termine, e pregarla che ci continui

196 874 197 25 la sua protezione.

219 890 658 39 Domenica 12 ottobre, è il giorno fissato agli Italiani per in¬

196 921 683 33 tervenire ad una bella Festa che sarà celebrata, con carrattere

197 945 681 39 spiccatamente Italiano, nel devoto Santuario di Nostra Signora

196 972 451 35 della Consolazione a Costebelle (Hyères).

218 997 661 32 Prima che l’autunno scenda con le sue brevi e grigie giornate,

198 1027 681 29 Lavoratori Italiani sparsi nei paesi vicini, venite il 12 ottobre al

197 1051 682 32 caro Santuario, e là nella campagna tranquilla ci sentiremo più

197 1075 521 37 piamente Cristiani, e più fraternamente Italiani.

220 1101 660 38 Ai lavoratori delle Officine e delle campagne la proposta di

199 1130 681 29 una gita al Santuario di Nostra Signora de la Consolazione a

198 1153 682 37 Costebelle deve tornar gradita come l’invito ad una vera festa

199 1182 131 32 di famiglia.

221 1208 660 32 Sarà un giorno di vero riposo dalle quotidiane necessarie fati¬

199 1231 681 38 che, passato sull' amena collina in mezzo al profumo delle piante

199 1256 681 37 e dei fiori, sarà un giorno di fraterni discorsi italiani tra amici

200 1282 681 34 e conoscenti di paesi diversi, che da tempo forse non ebbero

199 1307 682 34 occasione di incontrarsi e passare qualche ora in amichevole

199 1332 682 48 compagnia: ma sopratutto sarà un giorno caro, in cui ai piedi
